2050 3322
654 850 891 911 Series
952 851 1352 911 bibulorum

712 986 804 1019 sec.
830 971 934 1019 cod.
961 970 1007 1019 S.
1033 970 1168 1019 Galli
1195 975 1223 1020 7
1232 973 1298 1020 62

261 1083 335 1139 (de
366 1081 557 1137 reliquis
587 1097 630 1127 v.
663 1082 838 1126 Anecd.
869 1081 922 1138 Π,
956 1086 1010 1126 51
1045 1083 1093 1126 et
1122 1081 1245 1126 infra
1274 1082 1394 1127 Adn.
1426 1083 1487 1127 ad
1517 1098 1562 1140 p.
1598 1088 1667 1140 18,
1701 1086 1760 1140 6).

161 1215 413 1260 PraefatiO.
622 1267 624 1270 .
1108 1214 1367 1259 turturibus
1398 1220 1467 1259 25<

162 1274 231 1318 De
262 1287 382 1330 pane
415 1278 453 1316 1.
1110 1273 1345 1318 sturnellis
1375 1279 1433 1319 26
1492 1311 1499 1320 .

160 1332 230 1376 De
269 1331 484 1376 carnibus
517 1337 677 1376 3—13:
1109 1332 1299 1388 gruibus
1330 1337 1387 1377 27

217 1390 422 1435 vaccinis
453 1395 479 1434 3
513 1392 587 1446 (12
620 1392 694 1446 20)
1107 1391 1374 1447 perdicibus
1406 1396 1461 1436 28

217 1449 474 1494 vervecinis
506 1455 534 1493 4
566 1450 661 1506 (17)
1109 1450 1337 1517 columbis
1369 1455 1425 1494 29

219 1508 525 1611 ἓῗὲἓέξίὅ
499 1538 531 1611 '5
950 1554 953 1557 ·
1106 1510 1460 1612 {2252353503130

218 1626 415 1670 cervinis
449 1631 474 1669 6
1107 1627 1324 1671 anatibus
1356 1631 1411 1670 32

218 1685 275 1728 de
305 1683 540 1728 hinnuleis
572 1689 597 1732 7
1107 1699 1193 1730 ave
1225 1686 1363 1730 tarda
1394 1690 1466 1730 33.

218 1743 275 1787 de
310 1741 541 1799 capreolis
576 1747 600 1786 7
1046 1742 1115 1787 De
1152 1744 1308 1800 isicio,
1349 1743 1527 1799 afruto,
1567 1743 1668 1788 ovis
1700 1748 1754 1789 33
1789 1749 1846 1788 34

217 1802 406 1859 aprunis
438 1805 464 1844 8
1106 1807 1296 1848 35—38.
1333 1803 1418 1860 (De
1449 1779 1610 1847 bolitis
1643 1804 1734 1859 38.)

218 1861 425 1918 deporco
436 1860 690 1905 domesfico
701 1861 955 1919 9(161819)
1046 1859 1115 1904 De
1146 1861 1353 1918 piscibus
1378 1867 1576 1906 39-47·

276 1919 334 1963 de
363 1919 646 1963 lactantibus
682 1925 736 1963 10
1103 1923 1260 1965 tracta
1292 1926 1348 1965 39

217 1979 274 2023 de
305 1979 454 2023 bubus
490 1983 542 2021 11
576 1980 648 2033 (12
684 1980 756 2035 17)
1103 1993 1245 2036 perca
1275 1985 1332 2024 39

213 2037 435 2094 leporinis
470 2042 538 2082 13.
1102 2038 1226 2083 lucio
1258 2043 1316 2082 40

154 2095 224 2139 De
254 2096 407 2141 larido
441 2101 510 2141 14.
1103 2111 1234 2142 esoce
1267 2103 1322 2142 41

154 2154 224 2198 De
257 2155 436 2200 cervisa
467 2155 619 2212 (medo
645 2156 851 2212 aloxino)
883 2159 951 2200 15.
1102 2156 1308 2214 platensi
1338 2162 1395 2201 42

156 2214 242 2269 (De
271 2215 410 2258 certis
438 2215 718 2271 quibusdam
740 2214 952 2272 partibus
1103 2216 1231 2260 solea
1261 2221 1318 2259 42

214 2272 505 2329 animalium)
541 2278 736 2318 16—21:
1103 2274 1314 2331 anguilla
1344 2279 1400 2318 43

212 2332 399 2377 renibus
435 2338 489 2377 16
1100 2333 1330 2400 truc-antis
1362 2338 1420 2377 44

212 2394 374 2436 venizre
408 2397 462 2436 17
495 2393 588 2449 (20)
1101 2393 1344 2436 teeombus
1375 2396 1433 2436 45

212 2451 355 2495 vulva
387 2455 440 2494 18
1103 2450 1307 2496 cracabio
1339 2456 1395 2494 46

214 2508 392 2553 sumine
421 2514 476 2553 19
1043 2548 1063 2555 .,
1100 2524 1226 2567 naup
1228 2509 1342 2553 ridis
1358 2513 1464 2570 47.
1807 2513 1811 2516 ’

212 2567 351 2612 ficato
384 2573 438 2612 21
924 2573 932 2579 “
1039 2567 1110 2613 De
1163 2525 1426 2626 pectinibus
1475 2571 1524 2613 et
1571 2568 1737 2660 ostreis
1772 2572 1855 2620 148·
1888 2610 1897 2623 ,,

152 2626 222 2670 De
255 2626 418 2671 avibus
450 2627 595 2684 pasfis
627 2632 823 2671 22—24:
1101 2629 1193 2684 (33)
1225 2633 1296 2673 49.
1902 2660 1906 2667 .

211 2685 402 2730 fasianis
435 2691 490 2730 22
516 2687 610 2742 (38)
1039 2685 1111 2730 De
1142 2686 1346 2730 oleribus
1379 2690 1488 2730 50-
1498 2691 1575 2731 62:

213 2745 453 2789 anseribus
486 2750 541 2789 22
576 2746 668 2802 (37)
1099 2745 1256 2790 malva
1286 2749 1343 2788 50

212 2803 400 2860 gallinis
431 2804 507 2848 vel
537 2803 681 2861 pullis
713 2808 769 2847 23
803 2805 896 2865 (33)
1098 2803 1210 2848 beta
1241 2807 1299 2847 50

211 2861 469 2918 pavonibus
503 2868 571 2906 24.
1099 2871 1239 2918 porro
1270 2866 1335 2906 50-
1386 2897 1391 2903 .

159 2920 227 2964 De
267 2921 530 2978 agrestibus
561 2921 725 2966 avibus
751 2925 863 2965 25-
869 2926 948 2966 33:
1102 2911 1310 2965 caulibus
1343 2912 1400 2964 50
1536 2960 1541 2973 ,
1603 2895 1619 2907 ⁶
