2060 3294
752 124 1110 177 -51-

0 307 3 310 ,
92 255 152 299 de
181 268 269 310 pro
299 254 495 310 yenitivo
524 254 804 309 saepissime:

117 313 416 357 medietatem
448 313 504 356 de
534 314 666 357 aceto
692 318 734 369 3,
766 313 884 357 duae

117 374 272 428 partes
318 371 375 414 (16
405 371 544 415 melle
577 373 624 415 61,
653 386 746 415 una
775 386 884 429 pars

117 431 174 474 (16
198 431 331 474 aceto
358 435 427 483 10,
452 429 686 474 modicum
710 431 767 474 (16
787 431 884 474 sale

117 494 190 544 67,
226 504 369 532 unum
406 488 680 533 fasciculum
719 489 776 533 de
809 503 882 533 co-

115 547 300 592 riandro
317 551 388 600 28,
421 548 478 592 de
509 547 612 604 ipsa
634 562 683 591 re
702 548 883 592 coclear

117 612 173 650 64
203 611 280 657 etc,

115 679 275 710 carnes
307 666 364 710 de
394 665 556 709 haedis
581 670 606 709 5
640 666 714 720 ((16
746 679 881 710 cervo

115 745 172 761 =
215 725 426 769 cervinae
460 730 507 778 6,
554 724 611 768 de
648 724 880 768 hinnuleis

114 785 161 827 61
199 783 256 826 (16
295 782 521 839 capreolis
563 787 611 838 7,
652 785 708 826 (16
738 797 880 839 porco

115 844 175 898 9),
198 855 330 885 renes
347 841 403 885 de
427 855 568 897 porco
589 847 641 885 16
662 842 734 896 (de
750 843 880 886 nullo

113 900 314 945 animale
345 902 431 957 16),
464 900 521 943 (16
553 914 696 944 vacca
719 903 881 944 venter

111 965 184 1061 ΞΟ,
198 958 398 1003 laridum
408 959 464 1002 de
476 973 627 1062 genita
639 964 706 1014 14,
723 972 879 1003 semen

145 1033 169 1062 e
202 1031 442 1062 cucumere
563 1032 585 1061 6
606 1031 642 1062 6.

111 1077 169 1121 (16
184 1076 334 1121 larido
359 1077 433 1132 (de
451 1077 608 1131 herba,
640 1077 697 1121 (16
717 1078 878 1121 ventre

113 1137 209 1191 etc.)
271 1136 550 1180 manduca-re
606 1136 879 1190 (comedere,

109 1197 422 1251 praesumere)
469 1199 547 1238 14.*
588 1199 657 1237 15.
699 1199 768 1238 17.
808 1200 878 1238 25.

112 1257 183 1298 35.
216 1253 303 1300 ,(16
349 1251 503 1296 butiro
550 1252 760 1308 accipere
809 1258 876 1296 76.

109 1311 287 1356 habent
316 1311 374 1354 de
404 1312 518 1368 potu
541 1313 639 1367 prs.
673 1316 749 1356 etc.

74 1383 165 1426 pro
197 1371 310 1426 (qen.
336 1372 411 1426 =)
442 1383 520 1413 ex.-
551 1385 694 1414 unum
725 1371 782 1414 de
809 1370 877 1427 ip-

113 1429 175 1473 sis
207 1434 249 1483 3,
289 1429 346 1472 de
386 1428 587 1473 oleribus
618 1429 776 1473 malva
807 1436 877 1483 50,

77 1493 83 1498 '
111 1487 167 1532 de
199 1487 464 1531 domesticis
495 1487 722 1531 columbis
759 1487 876 1544 pipi-

111 1559 221 1592 ones
270 1545 477 1602 ipsorum
517 1546 616 1602 apti
661 1548 768 1590 sunt
805 1552 876 1600 29,

110 1605 168 1649 de
191 1604 456 1662 passeribus
486 1605 640 1661 pullos
670 1583 877 1661 ipsoruni

112 1668 184 1720 30,
209 1663 387 1719 aliquid
410 1665 466 1707 de
491 1663 593 1708 istis
617 1663 796 1720 poculis
822 1669 876 1708 76

109 1727 186 1767 etc.

73 1794 232 1838 proa:
262 1781 401 1838 longe
433 1781 489 1825 de
519 1781 624 1826 foco
649 1782 876 1835 (0143-

111 1854 140 1884 a
168 1839 271 1885 foco
309 1841 406 1897 9P,
446 1841 501 1895 cf.
541 1835 681 1897 longe
713 1855 742 1884 a
772 1840 875 1885 foco

110 1904 150 1943 4.
187 1904 255 1943 11.
289 1900 363 1955 23)
394 1904 434 1942 8.
466 1899 661 1943 tollatur
691 1899 748 1943 de
772 1900 875 1943 foco

110 1963 149 2002 3.
170 1963 240 2002 67.
273 1958 330 2002 de
345 1957 556 2014 pluribus
573 1958 735 2002 diebus
753 1959 874 2014 (opp.

108 2018 288 2072 recens)
321 2021 393 2062 41.

74 2088 164 2131 pro
197 2089 285 2131 per
314 2077 383 2119 vel
416 2079 628 2131 propter.-
675 2075 775 2119 sani
820 2075 876 2119 de

109 2133 345 2190 paucitate
363 2133 571 2178 ciborum
578 2134 692 2190 prs„
717 2134 877 2190 peiora

106 2194 361 2237 nascuntur
384 2208 524 2249 quam
556 2194 612 2237 de
630 2192 746 2237 cibis
763 2196 874 2248 prtl,

108 2251 343 2308 pinguedo
395 2252 454 2296 de
499 2252 613 2308 ipsis
659 2251 874 2296 carnibus

109 2311 167 2353 de
214 2311 310 2354 sale
361 2310 522 2355 defluit
555 2316 623 2354 12.
683 2311 877 2355 vulnera

110 2368 168 2412 de
197 2369 341 2425 plaga
370 2368 496 2413 facta.
528 2375 597 2413 14.

73 2440 163 2483 pro
178 2428 267 2473 abl.
285 2429 476 2484 (instr.):
492 2428 550 2472 (16
566 2427 716 2472 larido
734 2427 874 2472 crudo

110 2488 277 2530 sanant
309 2491 376 2530 15.
418 2489 652 2543 unguatur
682 2487 739 2531 de
773 2487 875 2531 0160

109 2550 181 2599 21,
213 2545 450 2589 condicum
483 2546 540 2589 de
565 2546 668 2590 0160
685 2546 782 2602 (Al)
804 2551 872 2590 66.

80 2603 305 2648 defectus
338 2604 600 2648 stomachus
632 2609 702 2648 64.

79 2662 305 2707 deiusum
337 2663 411 2717 (=
443 2663 663 2716 deorsum,
693 2663 743 2709 it.
774 2664 875 2719 qiu-

106 2733 176 2776 so,
207 2722 288 2776 yid
318 2722 434 2764 Dies
455 2721 536 2765 Gr
554 2722 612 2776 ΙΙ,
638 2726 737 2777 388,
770 2735 872 2778 opp.

108 2779 391 2823 desusum=
403 2780 675 2835 desursum):
691 2780 872 2836 sangui-

109 2851 217 2883 nem
247 2838 457 2883 deiusum
490 2838 668 2895 ((1611180
696 2838 877 2895 GABy,

1005 255 1213 298 dciosum
1256 254 1313 309 P,
1355 268 1415 298 sc.
1464 269 1552 311 per
1609 258 1768 312 anum)

1002 313 1223 370 produxit
1252 312 1446 357 nimium
1479 317 1547 357 25.

973 371 1243 416 delectari:
1277 371 1354 416 cui
1372 372 1576 417 delectat
1592 372 1681 417 GA
1696 377 1765 418 24.

973 430 1183 484 delonge
1216 445 1244 474 a
1273 431 1378 475 foco
1395 436 1436 476 4.
1455 436 1510 475 23
1530 434 1605 486 (--
1627 432 1768 489 longe

1002 504 1030 533 a
1060 491 1127 533 vel
1158 489 1214 533 de
1247 489 1351 534 foco
1383 494 1424 533 8.
1459 493 1546 545 11).

973 547 1234 593 desursum
1265 562 1349 604 per
1380 562 1458 593 ore
1482 549 1580 605 prs.

972 607 1206 652 devenire
1231 608 1471 663 (divertire,
1501 609 1684 652 devenir
1712 628 1767 644 =

998 667 1100 721 fieri
1138 679 1178 709 υ.
1210 666 1380 710 Anecd.
1414 666 1470 720 II,
1503 668 1577 722 52)
1621 671 1662 710 4.
1698 672 1766 710 10.

1003 729 1072 770 11.
1107 729 1174 768 12.
1207 729 1277 768 34.
1309 729 1381 768 35.
1415 730 1483 769 70.
1517 730 1585 769 81.
1642 725 1768 769 simi-

999 784 1108 827 liter
1138 785 1192 827 111,
1223 783 1344 827 sales
1362 782 1635 827 ·devenii;=
1654 798 1766 840 quo-

1000 842 1138 886 modo
1176 841 1296 898 lapis
1327 844 1409 884 aut
1439 842 1560 886 sales
1592 843 1658 886 816
1690 843 1766 886 (16-

999 900 1128 943 venit
1159 901 1380 955 (caseum)
1414 905 1484 946 81.
1534 901 1766 956 quomodo

998 960 1224 1015 saporata
1268 958 1418 1014 (quasi
1448 959 1661 1015 vaporati
1694 961 1767 1016 10)

1001 1019 1066 1062 816
1097 1016 1327 1062 deveniat.
1346 1022 1387 1062 4.

969 1076 1158 1121 diversi
1201 1077 1275 1131 (=
1306 1077 1452 1130 varii,
1480 1077 1654 1132 multo:

997 1135 1142 1179 versis
1182 1135 1296 1179 cibis
1328 1170 1338 1178 .
1373 1169 1382 1178 .
1416 1169 1426 1178 .
1458 1149 1542 1179 nos
1585 1137 1765 1194 agimus

991 1194 1258 1250 prfi,in1:er
1290 1193 1474 1237 diversa
1503 1207 1676 1250 genera
1707 1199 1762 1237 23

999 1254 1139 1306 (bona
1180 1253 1283 1308 ib),
1329 1252 1515 1296 diversa
1556 1253 1765 1296 ciborum

997 1313 1176 1366 (cibora
1207 1311 1251 1355 G·
1282 1332 1338 1348 ==
1368 1310 1576 1355 diversos
1619 1311 1764 1367 cibos)

968 1429 1161 1474 dictare
1179 1430 1251 1485 (=
1268 1430 1496 1483 scribere):
1530 1430 1762 1486 quomodo

998 1490 1045 1532 et
1086 1489 1143 1532 de
1182 1488 1306 1532 oriza
1346 1487 1624 1532 dicssavimus
1665 1522 1675 1532 .
1710 1522 1720 1532 .
1754 1525 1763 1534 .

997 1552 1037 1591 et
1066 1561 1171 1591 ‘mom
1203 1547 1434 1603 quomodo
1467 1548 1524 1590 (16
1548 1547 1674 1591 oriza
1697 1546 1763 1590 di:

997 1606 1145 1650 ximus
1178 1611 1244 1650 71.

967 1665 1112 1709 dulce
1126 1665 1316 1720 (Apio.):
1342 1664 1554 1709 sumendi
1569 1664 1618 1708 in
1634 1664 1762 1709 dulci

995 1724 1129 1780 piper
1159 1724 1359 1767 habente
1395 1728 1462 1767 13.

967 1782 1208 1826 duracina
1230 1782 1412 1839 persica
1435 1783 1581 1838 (Plin.
1614 1785 1682 1836 15,
1706 1787 1762 1826 39

995 1846 1072 1885 etc.
1091 1841 1242 1897 Apio„
1272 1841 1453 1897 persica
1484 1840 1523 1885 si
1554 1841 1648 1886 8161,
1678 1841 1760 1884 (111-

996 1899 1154 1944 racina
1170 1902 1217 1944 61,
1239 1914 1351 1944 uvas
1372 1899 1616 1944 duracinas
1629 1899 1760 1945 Alex.

967 2017 1271 2072 dysenterici
1289 2017 1581 2073 (desenterici
1595 2018 1663 2061 vel
1685 2018 1762 2061 de-

996 2075 1202 2120 sinterici
1245 2076 1355 2130 GA,
1401 2075 1658 2121 disinterici
1701 2077 1762 2131 B,

995 2139 1079 2179 rec.
1112 2111 1404 2179 dissenterici
1441 2136 1508 2179 vel
1548 2134 1762 2179 (118816136-

996 2193 1100 2249 rici)
1143 2199 1213 2238 28.
1247 2199 1317 2239 64.
1363 2199 1432 2239 70.
1477 2198 1544 2238 71.
1591 2198 1660 2239 75.
1704 2199 1760 2238 83

995 2252 1274 2307 (desenteria
1311 2252 1375 2308 G,
1418 2252 1672 2296 (1681616116,
1701 2254 1760 2307 A,

995 2311 1247 2355 disenteria
1276 2312 1322 2354 B
1354 2313 1442 2366 82).
1498 2313 1555 2366 cf.
1588 2311 1759 2355 Anecd.

994 2371 1051 2426 II,
1084 2375 1154 2415 56.

965 2486 1159 2531 elixare
1193 2487 1361 2543 (Apic.)
1398 2492 1464 2532 14.
1499 2493 1570 2533 83.
1621 2486 1758 2530 elixa-

993 2547 1095 2589 tum
1119 2547 1194 2601 (=
1208 2545 1379 2590 elixum
1398 2547 1466 2590 vel
1476 2546 1552 2601 139
1565 2546 1760 2600 elexum,

994 2605 1118 2659 lesso,
1149 2606 1268 2661 quod
1298 2607 1444 2661 saepe)
1480 2610 1547 2647 14.

965 2663 1238 2719 emplastra
1271 2663 1517 2720 (inplastra
1547 2662 1654 2718 GA)
1689 2667 1757 2708 14.

965 2721 1096 2765 enim
1128 2724 1201 2776 (=
1234 2727 1396 2777 autem,
1428 2720 1501 2777 δέ)
1533 2726 1602 2765 53.
1635 2725 1705 2767 57.

966 2792 1086 2824 esox
1123 2783 1195 2836 (=
1233 2794 1366 2837 yerm.
1419 2780 1587 2835 salmo,
1628 2780 1758 2823 lachs

993 2839 1165 2884 Anecd.
1182 2839 1241 2895 II,
1259 2841 1334 2895 55)
1360 2843 1429 2883 41.
1463 2838 1548 2883 filii
1572 2852 1757 2882 csocum

1344 2926 1404 2970 4*
