<?xml version="1.0" encoding="UTF-8"?>
<!DOCTYPE html PUBLIC "-//W3C//DTD XHTML 1.0 Transitional//EN"
    "http://www.w3.org/TR/xhtml1/DTD/xhtml1-transitional.dtd">
<html xmlns="http://www.w3.org/1999/xhtml" xml:lang="en" lang="en">
 <head>
  <title>
</title>
<meta http-equiv="Content-Type" content="text/html;charset=utf-8" />
  <meta name='ocr-system' content='tesseract 3.04.00' />
  <meta name='ocr-capabilities' content='ocr_page ocr_carea ocr_par ocr_line ocrx_word'/>
</head>
<body>
  <div class='ocr_page' id='page_1' title='image "anthinideobserva00anthuoft_0016.png"; bbox 0 0 2060 3294; ppageno 0'>
   <div class='ocr_carea' id='block_1_1' title="bbox 849 190 1210 241">
    <p class='ocr_par' dir='ltr' id='par_1_1' title="bbox 849 190 1210 241">
     <span class='ocr_line' id='line_1_1' title="bbox 849 190 1210 241; baseline 0.006 -16"><span class='ocrx_word' id='word_1_1' title='bbox 849 190 1210 241; x_wconf 69' lang='lat'>-12—</span> 
     </span>
    </p>
   </div>
   <div class='ocr_carea' id='block_1_2' title="bbox 127 321 1957 897">
    <p class='ocr_par' dir='ltr' id='par_1_2' title="bbox 185 321 1956 518">
     <span class='ocr_line' id='line_1_2' title="bbox 296 321 1956 391; baseline 0 -19"><span class='ocrx_word' id='word_1_2' title='bbox 296 322 458 372; x_wconf 84' lang='lat' dir='ltr'>Renes</span> <span class='ocrx_word' id='word_1_3' title='bbox 498 321 558 371; x_wconf 91' lang='lat' dir='ltr'>de</span> <span class='ocrx_word' id='word_1_4' title='bbox 597 337 748 386; x_wconf 90' lang='lat' dir='ltr'>porco</span> <span class='ocrx_word' id='word_1_5' title='bbox 787 325 985 387; x_wconf 88' lang='lat' dir='ltr'>penitus</span> <span class='ocrx_word' id='word_1_6' title='bbox 1024 338 1123 371; x_wconf 92' lang='lat' dir='ltr'>non</span> <span class='ocrx_word' id='word_1_7' title='bbox 1173 323 1371 388; x_wconf 84' lang='lat' dir='ltr'>expedit</span> <span class='ocrx_word' id='word_1_8' title='bbox 1409 325 1726 391; x_wconf 85' lang='lat' dir='ltr'>manducare,</span> <span class='ocrx_word' id='word_1_9' title='bbox 1773 327 1956 374; x_wconf 76' lang='grc'><strong>1115116</strong></span> 
     </span>
     <span class='ocr_line' id='line_1_3' title="bbox 185 395 1865 462; baseline 0.002 -19"><span class='ocrx_word' id='word_1_10' title='bbox 185 395 336 444; x_wconf 84' lang='grc'><strong>131013</strong></span> <span class='ocrx_word' id='word_1_11' title='bbox 375 397 613 459; x_wconf 87' lang='lat' dir='ltr'>ipsorum,</span> <span class='ocrx_word' id='word_1_12' title='bbox 654 397 767 459; x_wconf 90' lang='lat' dir='ltr'>quia</span> <span class='ocrx_word' id='word_1_13' title='bbox 798 397 903 460; x_wconf 90' lang='lat' dir='ltr'>ipsa</span> <span class='ocrx_word' id='word_1_14' title='bbox 929 402 1046 444; x_wconf 90' lang='lat' dir='ltr'>sunt</span> <span class='ocrx_word' id='word_1_15' title='bbox 1070 411 1286 459; x_wconf 87' lang='lat' dir='ltr'>congrua</span> <span class='ocrx_word' id='word_1_16' title='bbox 1319 404 1369 446; x_wconf 88' lang='lat' dir='ltr'>et</span> <span class='ocrx_word' id='word_1_17' title='bbox 1400 396 1525 445; x_wconf 88' lang='lat' dir='ltr'>bene</span> <span class='ocrx_word' id='word_1_18' title='bbox 1559 397 1865 462; x_wconf 89' lang='lat' dir='ltr'>digeruntur.</span> 
     </span>
     <span class='ocr_line' id='line_1_4' title="bbox 186 468 1416 518; baseline 0.002 -2"><span class='ocrx_word' id='word_1_19' title='bbox 186 483 297 516; x_wconf 90' lang='lat' dir='ltr'>nam</span> <span class='ocrx_word' id='word_1_20' title='bbox 335 483 481 516; x_wconf 88' lang='lat' dir='ltr'>renes</span> <span class='ocrx_word' id='word_1_21' title='bbox 521 468 582 516; x_wconf 91' lang='lat' dir='ltr'>de</span> <span class='ocrx_word' id='word_1_22' title='bbox 622 468 757 516; x_wconf 91' lang='lat' dir='ltr'>nullo</span> <span class='ocrx_word' id='word_1_23' title='bbox 797 468 1002 517; x_wconf 90' lang='lat' dir='ltr'>animale</span> <span class='ocrx_word' id='word_1_24' title='bbox 1042 470 1416 518; x_wconf 81' lang='lat' dir='ltr'>manducentur.</span> 
     </span>
    </p>

    <p class='ocr_par' dir='ltr' id='par_1_3' title="bbox 297 540 1951 593">
     <span class='ocr_line' id='line_1_5' title="bbox 297 540 1951 593; baseline 0 -5"><span class='ocrx_word' id='word_1_25' title='bbox 297 540 356 589; x_wconf 94' lang='lat' dir='ltr'>de</span> <span class='ocrx_word' id='word_1_26' title='bbox 396 548 566 589; x_wconf 88' lang='lat' dir='ltr'>ventre</span> <span class='ocrx_word' id='word_1_27' title='bbox 607 556 724 589; x_wconf 81' lang='lat' dir='ltr'>vero</span> <span class='ocrx_word' id='word_1_28' title='bbox 755 541 893 590; x_wconf 87' lang='lat' dir='ltr'>bovis</span> <span class='ocrx_word' id='word_1_29' title='bbox 917 541 993 589; x_wconf 89' lang='lat' dir='ltr'>vel</span> <span class='ocrx_word' id='word_1_30' title='bbox 1018 544 1236 590; x_wconf 84' lang='lat' dir='ltr'>vervecis</span> <span class='ocrx_word' id='word_1_31' title='bbox 1270 549 1497 591; x_wconf 82' lang='lat' dir='ltr'>auctores</span> <span class='ocrx_word' id='word_1_32' title='bbox 1528 542 1703 592; x_wconf 88' lang='lat' dir='ltr'>iubent</span> <span class='ocrx_word' id='word_1_33' title='bbox 1734 559 1865 593; x_wconf 88' lang='lat' dir='ltr'>man·</span> <span class='ocrx_word' id='word_1_34' title='bbox 1891 545 1951 589; x_wconf 73' lang='lat'>17</span> 
     </span>
    </p>

    <p class='ocr_par' dir='ltr' id='par_1_4' title="bbox 127 614 1867 736">
     <span class='ocr_line' id='line_1_6' title="bbox 127 614 1867 681; baseline 0.002 -19"><span class='ocrx_word' id='word_1_35' title='bbox 127 623 153 662; x_wconf 86' lang='lat'>5</span> <span class='ocrx_word' id='word_1_36' title='bbox 186 614 382 679; x_wconf 88' lang='lat' dir='ltr'>ducare,</span> <span class='ocrx_word' id='word_1_37' title='bbox 421 620 619 678; x_wconf 87' lang='lat' dir='ltr'>praeter</span> <span class='ocrx_word' id='word_1_38' title='bbox 656 614 736 662; x_wconf 89' lang='lat' dir='ltr'>illa</span> <span class='ocrx_word' id='word_1_39' title='bbox 777 629 900 678; x_wconf 90' lang='lat' dir='ltr'>quae</span> <span class='ocrx_word' id='word_1_40' title='bbox 942 622 1058 663; x_wconf 90' lang='lat' dir='ltr'>sunt</span> <span class='ocrx_word' id='word_1_41' title='bbox 1097 617 1266 679; x_wconf 88' lang='lat' dir='ltr'>spissa.</span> <span class='ocrx_word' id='word_1_42' title='bbox 1324 615 1408 664; x_wconf 88' lang='lat' dir='ltr'>sed</span> <span class='ocrx_word' id='word_1_43' title='bbox 1447 615 1586 681; x_wconf 89' lang='lat' dir='ltr'>elixa,</span> <span class='ocrx_word' id='word_1_44' title='bbox 1625 631 1737 665; x_wconf 90' lang='lat' dir='ltr'>nam</span> <span class='ocrx_word' id='word_1_45' title='bbox 1768 632 1867 665; x_wconf 89' lang='lat' dir='ltr'>non</span> 
     </span>
     <span class='ocr_line' id='line_1_7' title="bbox 185 702 306 736; baseline 0 -1"><span class='ocrx_word' id='word_1_46' title='bbox 185 702 306 736; x_wconf 89' lang='lat' dir='ltr'>assa</span> 
     </span>
    </p>

    <p class='ocr_par' dir='ltr' id='par_1_5' title="bbox 295 759 1957 826">
     <span class='ocr_line' id='line_1_8' title="bbox 295 759 1957 826; baseline -0.001 -18"><span class='ocrx_word' id='word_1_47' title='bbox 295 759 435 808; x_wconf 86' lang='lat' dir='ltr'>vulva</span> <span class='ocrx_word' id='word_1_48' title='bbox 473 761 675 824; x_wconf 90' lang='lat' dir='ltr'>porcina</span> <span class='ocrx_word' id='word_1_49' title='bbox 717 767 767 808; x_wconf 92' lang='lat' dir='ltr'>et</span> <span class='ocrx_word' id='word_1_50' title='bbox 805 762 911 824; x_wconf 90' lang='lat' dir='ltr'>ipsa</span> <span class='ocrx_word' id='word_1_51' title='bbox 949 762 1130 824; x_wconf 90' lang='lat' dir='ltr'>optima</span> <span class='ocrx_word' id='word_1_52' title='bbox 1171 768 1261 826; x_wconf 90' lang='lat' dir='ltr'>est,</span> <span class='ocrx_word' id='word_1_53' title='bbox 1301 760 1387 809; x_wconf 92' lang='lat' dir='ltr'>sed</span> <span class='ocrx_word' id='word_1_54' title='bbox 1427 761 1563 811; x_wconf 88' lang='lat' dir='ltr'>elixa.</span> <span class='ocrx_word' id='word_1_55' title='bbox 1891 762 1957 807; x_wconf 80' lang='lat'>18</span> 
     </span>
    </p>

    <p class='ocr_par' dir='ltr' id='par_1_6' title="bbox 297 833 1957 897">
     <span class='ocr_line' id='line_1_9' title="bbox 297 833 1957 897; baseline 0.004 -16"><span class='ocrx_word' id='word_1_56' title='bbox 297 848 470 882; x_wconf 90' lang='lat' dir='ltr'>sumen</span> <span class='ocrx_word' id='word_1_57' title='bbox 520 835 780 897; x_wconf 91' lang='lat' dir='ltr'>porcinum</span> <span class='ocrx_word' id='word_1_58' title='bbox 830 839 879 881; x_wconf 89' lang='lat' dir='ltr'>et</span> <span class='ocrx_word' id='word_1_59' title='bbox 916 833 1062 897; x_wconf 87' lang='lat' dir='ltr'>ipsud</span> <span class='ocrx_word' id='word_1_60' title='bbox 1116 833 1301 882; x_wconf 90' lang='lat' dir='ltr'>bonum</span> <span class='ocrx_word' id='word_1_61' title='bbox 1355 842 1431 883; x_wconf 91' lang='lat' dir='ltr'>est</span> <span class='ocrx_word' id='word_1_62' title='bbox 1481 842 1532 884; x_wconf 91' lang='lat' dir='ltr'>et</span> <span class='ocrx_word' id='word_1_63' title='bbox 1584 835 1765 883; x_wconf 88' lang='lat' dir='ltr'>frixum</span> <span class='ocrx_word' id='word_1_64' title='bbox 1820 843 1868 884; x_wconf 91' lang='lat' dir='ltr'>et</span> <span class='ocrx_word' id='word_1_65' title='bbox 1892 842 1957 887; x_wconf 75' lang='lat'>19</span> 
     </span>
    </p>
   </div>
   <div class='ocr_carea' id='block_1_3' title="bbox 105 906 1956 1044">
    <p class='ocr_par' dir='ltr' id='par_1_7' title="bbox 105 906 1956 1044">
     <span class='ocr_line' id='line_1_10' title="bbox 184 906 381 954; baseline 0 0"><span class='ocrx_word' id='word_1_66' title='bbox 184 906 381 954; x_wconf 87' lang='lat' dir='ltr'>elixum.</span> 
     </span>
     <span class='ocr_line' id='line_1_11' title="bbox 105 972 1956 1044; baseline -0.001 -17"><span class='ocrx_word' id='word_1_67' title='bbox 105 989 158 1028; x_wconf 86' lang='lat'>10</span> <span class='ocrx_word' id='word_1_68' title='bbox 302 979 361 1027; x_wconf 92' lang='lat' dir='ltr'>de</span> <span class='ocrx_word' id='word_1_69' title='bbox 400 994 544 1027; x_wconf 88' lang='lat' dir='ltr'>vacca</span> <span class='ocrx_word' id='word_1_70' title='bbox 583 987 754 1028; x_wconf 88' lang='lat' dir='ltr'>tenera</span> <span class='ocrx_word' id='word_1_71' title='bbox 793 986 966 1028; x_wconf 88' lang='lat' dir='ltr'>venter</span> <span class='ocrx_word' id='word_1_72' title='bbox 1005 979 1161 1028; x_wconf 87' lang='lat' dir='ltr'>elixus</span> <span class='ocrx_word' id='word_1_73' title='bbox 1201 995 1449 1044; x_wconf 86' lang='lat' dir='ltr'>congruus</span> <span class='ocrx_word' id='word_1_74' title='bbox 1496 987 1584 1029; x_wconf 88' lang='lat' dir='ltr'>est.</span> <span class='ocrx_word' id='word_1_75' title='bbox 1660 980 1867 1030; x_wconf 87' lang='lat' dir='ltr'>laridum</span> <span class='ocrx_word' id='word_1_76' title='bbox 1892 972 1956 1026; x_wconf 76' lang='grc'>20</span> 
     </span>
    </p>
   </div>
   <div class='ocr_carea' id='block_1_4' title="bbox 90 1052 1954 2947">
    <p class='ocr_par' dir='ltr' id='par_1_8' title="bbox 90 1052 1954 2947">
     <span class='ocr_line' id='line_1_12' title="bbox 189 1052 1867 1117; baseline 0.001 -17"><span class='ocrx_word' id='word_1_77' title='bbox 189 1067 306 1100; x_wconf 89' lang='lat' dir='ltr'>vero</span> <span class='ocrx_word' id='word_1_78' title='bbox 345 1054 395 1100; x_wconf 92' lang='lat' dir='ltr'>in</span> <span class='ocrx_word' id='word_1_79' title='bbox 436 1052 625 1101; x_wconf 87' lang='lat' dir='ltr'>sartalia</span> <span class='ocrx_word' id='word_1_80' title='bbox 664 1054 868 1101; x_wconf 86' lang='lat' dir='ltr'>missum</span> <span class='ocrx_word' id='word_1_81' title='bbox 916 1053 1165 1101; x_wconf 91' lang='lat' dir='ltr'>interdum</span> <span class='ocrx_word' id='word_1_82' title='bbox 1214 1054 1545 1117; x_wconf 80' lang='lat' dir='ltr'>permittimus</span> <span class='ocrx_word' id='word_1_83' title='bbox 1596 1054 1867 1102; x_wconf 89' lang='lat' dir='ltr'>comedere.</span> 
     </span>
     <span class='ocr_line' id='line_1_13' title="bbox 299 1125 1954 1190; baseline 0.002 -17"><span class='ocrx_word' id='word_1_84' title='bbox 299 1125 359 1173; x_wconf 92' lang='lat' dir='ltr'>de</span> <span class='ocrx_word' id='word_1_85' title='bbox 398 1125 540 1173; x_wconf 87' lang='lat' dir='ltr'>ficato</span> <span class='ocrx_word' id='word_1_86' title='bbox 579 1128 784 1190; x_wconf 86' lang='lat' dir='ltr'>porcino</span> <span class='ocrx_word' id='word_1_87' title='bbox 824 1126 949 1173; x_wconf 82' lang='lat' dir='ltr'>frixo</span> <span class='ocrx_word' id='word_1_88' title='bbox 987 1128 1187 1190; x_wconf 89' lang='lat' dir='ltr'>penitus</span> <span class='ocrx_word' id='word_1_89' title='bbox 1226 1139 1324 1174; x_wconf 93' lang='lat' dir='ltr'>non</span> <span class='ocrx_word' id='word_1_90' title='bbox 1363 1126 1561 1190; x_wconf 88' lang='lat' dir='ltr'>expedit</span> <span class='ocrx_word' id='word_1_91' title='bbox 1598 1142 1690 1175; x_wconf 89' lang='lat' dir='ltr'>nec</span> <span class='ocrx_word' id='word_1_92' title='bbox 1734 1128 1863 1175; x_wconf 87' lang='lat' dir='ltr'>sanis</span> <span class='ocrx_word' id='word_1_93' title='bbox 1892 1134 1954 1178; x_wconf 80' lang='lat'>21</span> 
     </span>
     <span class='ocr_line' id='line_1_14' title="bbox 185 1198 1869 1264; baseline 0.001 -18"><span class='ocrx_word' id='word_1_94' title='bbox 185 1214 276 1247; x_wconf 90' lang='lat' dir='ltr'>nec</span> <span class='ocrx_word' id='word_1_95' title='bbox 315 1199 537 1247; x_wconf 79' lang='lat' dir='ltr'>infirmis,</span> <span class='ocrx_word' id='word_1_96' title='bbox 578 1200 682 1247; x_wconf 87' lang='lat' dir='ltr'>sani</span> <span class='ocrx_word' id='word_1_97' title='bbox 722 1205 886 1247; x_wconf 88' lang='lat' dir='ltr'>tamen</span> <span class='ocrx_word' id='word_1_98' title='bbox 911 1201 953 1247; x_wconf 89' lang='lat' dir='ltr'>si</span> <span class='ocrx_word' id='word_1_99' title='bbox 977 1198 1243 1264; x_wconf 85' lang='lat' dir='ltr'>voluerint,</span> <span class='ocrx_word' id='word_1_100' title='bbox 1282 1201 1353 1248; x_wconf 88' lang='lat' dir='ltr'>sic</span> <span class='ocrx_word' id='word_1_101' title='bbox 1392 1199 1703 1249; x_wconf 89' lang='lat' dir='ltr'>manducent.</span> <span class='ocrx_word' id='word_1_102' title='bbox 1748 1201 1869 1248; x_wconf 89' lang='lat' dir='ltr'>inci-</span> 
     </span>
     <span class='ocr_line' id='line_1_15' title="bbox 186 1270 1867 1339; baseline 0.001 -20"><span class='ocrx_word' id='word_1_103' title='bbox 186 1287 295 1320; x_wconf 87' lang='lat' dir='ltr'>sum</span> <span class='ocrx_word' id='word_1_104' title='bbox 334 1270 462 1320; x_wconf 91' lang='lat' dir='ltr'>bene</span> <span class='ocrx_word' id='word_1_105' title='bbox 501 1273 552 1320; x_wconf 91' lang='lat' dir='ltr'>in</span> <span class='ocrx_word' id='word_1_106' title='bbox 593 1271 828 1320; x_wconf 87' lang='lat' dir='ltr'>craticula</span> <span class='ocrx_word' id='word_1_107' title='bbox 861 1272 1022 1320; x_wconf 87' lang='lat' dir='ltr'>ferrea</span> <span class='ocrx_word' id='word_1_108' title='bbox 1061 1287 1185 1335; x_wconf 90' lang='lat' dir='ltr'>quae</span> <span class='ocrx_word' id='word_1_109' title='bbox 1225 1271 1373 1321; x_wconf 91' lang='lat' dir='ltr'>habet</span> <span class='ocrx_word' id='word_1_110' title='bbox 1410 1272 1532 1321; x_wconf 90' lang='lat' dir='ltr'>latas</span> <span class='ocrx_word' id='word_1_111' title='bbox 1562 1274 1738 1339; x_wconf 85' lang='lat' dir='ltr'>virgaS,</span> <span class='ocrx_word' id='word_1_112' title='bbox 1778 1288 1867 1321; x_wconf 92' lang='lat' dir='ltr'>un·</span> 
     </span>
     <span class='ocr_line' id='line_1_16' title="bbox 100 1344 1868 1411; baseline 0.001 -18"><span class='ocrx_word' id='word_1_113' title='bbox 100 1354 153 1393; x_wconf 86' lang='lat'>15</span> <span class='ocrx_word' id='word_1_114' title='bbox 187 1352 365 1408; x_wconf 83' lang='lat' dir='ltr'>guatur</span> <span class='ocrx_word' id='word_1_115' title='bbox 404 1351 488 1393; x_wconf 90' lang='lat' dir='ltr'>aut</span> <span class='ocrx_word' id='word_1_116' title='bbox 527 1344 586 1393; x_wconf 92' lang='lat' dir='ltr'>de</span> <span class='ocrx_word' id='word_1_117' title='bbox 638 1344 745 1393; x_wconf 93' lang='lat' dir='ltr'>oleo</span> <span class='ocrx_word' id='word_1_118' title='bbox 795 1351 880 1393; x_wconf 91' lang='lat' dir='ltr'>aut</span> <span class='ocrx_word' id='word_1_119' title='bbox 934 1345 993 1394; x_wconf 90' lang='lat' dir='ltr'>de</span> <span class='ocrx_word' id='word_1_120' title='bbox 1043 1352 1219 1411; x_wconf 90' lang='lat' dir='ltr'>uncto,</span> <span class='ocrx_word' id='word_1_121' title='bbox 1270 1352 1319 1394; x_wconf 90' lang='lat' dir='ltr'>et</span> <span class='ocrx_word' id='word_1_122' title='bbox 1377 1347 1447 1394; x_wconf 86' lang='lat' dir='ltr'>sic</span> <span class='ocrx_word' id='word_1_123' title='bbox 1506 1347 1555 1393; x_wconf 92' lang='lat' dir='ltr'>in</span> <span class='ocrx_word' id='word_1_124' title='bbox 1605 1344 1868 1394; x_wconf 88' lang='lat' dir='ltr'>subtilibus</span> 
     </span>
     <span class='ocr_line' id='line_1_17' title="bbox 185 1417 1866 1483; baseline 0 -17"><span class='ocrx_word' id='word_1_125' title='bbox 185 1417 482 1466; x_wconf 90' lang='lat' dir='ltr'>carbonibus</span> <span class='ocrx_word' id='word_1_126' title='bbox 521 1425 715 1466; x_wconf 89' lang='lat' dir='ltr'>assetur</span> <span class='ocrx_word' id='word_1_127' title='bbox 754 1419 821 1466; x_wconf 89' lang='lat' dir='ltr'>ita</span> <span class='ocrx_word' id='word_1_128' title='bbox 861 1424 917 1466; x_wconf 93' lang='lat' dir='ltr'>ut</span> <span class='ocrx_word' id='word_1_129' title='bbox 956 1418 1269 1467; x_wconf 86' lang='lat' dir='ltr'>crudastrum</span> <span class='ocrx_word' id='word_1_130' title='bbox 1311 1420 1389 1483; x_wconf 87' lang='lat' dir='ltr'>sit,</span> <span class='ocrx_word' id='word_1_131' title='bbox 1429 1424 1479 1466; x_wconf 90' lang='lat' dir='ltr'>et</span> <span class='ocrx_word' id='word_1_132' title='bbox 1510 1418 1672 1467; x_wconf 90' lang='lat' dir='ltr'>calens</span> <span class='ocrx_word' id='word_1_133' title='bbox 1703 1420 1866 1483; x_wconf 91' lang='lat' dir='ltr'>ipsum</span> 
     </span>
     <span class='ocr_line' id='line_1_18' title="bbox 182 1490 1866 1556; baseline 0.001 -17"><span class='ocrx_word' id='word_1_134' title='bbox 182 1491 483 1540; x_wconf 84' lang='lat' dir='ltr'>manducent</span> <span class='ocrx_word' id='word_1_135' title='bbox 516 1506 628 1539; x_wconf 90' lang='lat' dir='ltr'>cum</span> <span class='ocrx_word' id='word_1_136' title='bbox 661 1491 768 1539; x_wconf 94' lang='lat' dir='ltr'>oleo</span> <span class='ocrx_word' id='word_1_137' title='bbox 795 1498 845 1540; x_wconf 90' lang='lat' dir='ltr'>et</span> <span class='ocrx_word' id='word_1_138' title='bbox 869 1490 967 1539; x_wconf 86' lang='lat' dir='ltr'>sale</span> <span class='ocrx_word' id='word_1_139' title='bbox 996 1497 1045 1539; x_wconf 95' lang='lat' dir='ltr'>et</span> <span class='ocrx_word' id='word_1_140' title='bbox 1069 1491 1330 1540; x_wconf 86' lang='lat' dir='ltr'>coriandro</span> <span class='ocrx_word' id='word_1_141' title='bbox 1364 1492 1604 1540; x_wconf 89' lang='lat' dir='ltr'>minutato</span> <span class='ocrx_word' id='word_1_142' title='bbox 1638 1491 1866 1556; x_wconf 85' lang='lat' dir='ltr'>desuper.</span> 
     </span>
     <span class='ocr_line' id='line_1_19' title="bbox 294 1563 1954 1630; baseline 0.001 -18"><span class='ocrx_word' id='word_1_143' title='bbox 294 1563 363 1613; x_wconf 93' lang='lat' dir='ltr'>De</span> <span class='ocrx_word' id='word_1_144' title='bbox 403 1563 619 1613; x_wconf 89' lang='lat' dir='ltr'>avibus</span> <span class='ocrx_word' id='word_1_145' title='bbox 658 1580 790 1630; x_wconf 87' lang='lat' dir='ltr'>ver0,</span> <span class='ocrx_word' id='word_1_146' title='bbox 828 1564 923 1612; x_wconf 92' lang='lat' dir='ltr'>hoc</span> <span class='ocrx_word' id='word_1_147' title='bbox 963 1571 1038 1613; x_wconf 92' lang='lat' dir='ltr'>est</span> <span class='ocrx_word' id='word_1_148' title='bbox 1077 1564 1275 1613; x_wconf 88' lang='lat' dir='ltr'>fasianis</span> <span class='ocrx_word' id='word_1_149' title='bbox 1313 1566 1467 1628; x_wconf 88' lang='lat' dir='ltr'>pastis</span> <span class='ocrx_word' id='word_1_150' title='bbox 1507 1571 1556 1613; x_wconf 90' lang='lat' dir='ltr'>et</span> <span class='ocrx_word' id='word_1_151' title='bbox 1594 1564 1867 1630; x_wconf 81' lang='lat' dir='ltr'>anseribuS,</span> <span class='ocrx_word' id='word_1_152' title='bbox 1891 1570 1954 1615; x_wconf 78' lang='lat'>22</span> 
     </span>
     <span class='ocr_line' id='line_1_20' title="bbox 186 1637 1866 1721; baseline 0.001 -36"><span class='ocrx_word' id='word_1_153' title='bbox 186 1639 299 1700; x_wconf 91' lang='lat' dir='ltr'>quia</span> <span class='ocrx_word' id='word_1_154' title='bbox 330 1644 618 1702; x_wconf 89' lang='lat' dir='ltr'>pascuntur,</span> <span class='ocrx_word' id='word_1_155' title='bbox 655 1644 831 1701; x_wconf 91' lang='lat' dir='ltr'>pectus</span> <span class='ocrx_word' id='word_1_156' title='bbox 863 1637 1060 1686; x_wconf 88' lang='lat' dir='ltr'>illorum</span> <span class='ocrx_word' id='word_1_157' title='bbox 1094 1652 1368 1721; x_wconf 82' lang='lat' dir='ltr'>congruum</span> <span class='ocrx_word' id='word_1_158' title='bbox 1400 1646 1476 1686; x_wconf 90' lang='lat' dir='ltr'>est</span> <span class='ocrx_word' id='word_1_159' title='bbox 1506 1644 1713 1703; x_wconf 87' lang='lat' dir='ltr'>tantum,</span> <span class='ocrx_word' id='word_1_160' title='bbox 1753 1640 1866 1701; x_wconf 89' lang='lat' dir='ltr'>quia</span> 
     </span>
     <span class='ocr_line' id='line_1_21' title="bbox 98 1709 1866 1775; baseline 0.001 -17"><span class='ocrx_word' id='word_1_161' title='bbox 98 1719 155 1759; x_wconf 80' lang='lat'>20</span> <span class='ocrx_word' id='word_1_162' title='bbox 188 1725 387 1758; x_wconf 89' lang='lat' dir='ltr'>carnem</span> <span class='ocrx_word' id='word_1_163' title='bbox 427 1710 582 1759; x_wconf 90' lang='lat' dir='ltr'>albam</span> <span class='ocrx_word' id='word_1_164' title='bbox 621 1709 783 1759; x_wconf 88' lang='lat' dir='ltr'>habet.</span> <span class='ocrx_word' id='word_1_165' title='bbox 852 1712 958 1774; x_wconf 90' lang='lat' dir='ltr'>ipsa</span> <span class='ocrx_word' id='word_1_166' title='bbox 990 1712 1144 1774; x_wconf 85' lang='lat' dir='ltr'>magis</span> <span class='ocrx_word' id='word_1_167' title='bbox 1176 1711 1385 1775; x_wconf 87' lang='lat' dir='ltr'>expedit</span> <span class='ocrx_word' id='word_1_168' title='bbox 1441 1725 1553 1759; x_wconf 87' lang='lat' dir='ltr'>nam</span> <span class='ocrx_word' id='word_1_169' title='bbox 1592 1713 1866 1775; x_wconf 84' lang='lat' dir='ltr'>posteriora</span> 
     </span>
     <span class='ocr_line' id='line_1_22' title="bbox 187 1783 1866 1851; baseline 0.001 -20"><span class='ocrx_word' id='word_1_170' title='bbox 187 1785 409 1847; x_wconf 89' lang='lat' dir='ltr'>ipsorum</span> <span class='ocrx_word' id='word_1_171' title='bbox 449 1799 546 1832; x_wconf 91' lang='lat' dir='ltr'>non</span> <span class='ocrx_word' id='word_1_172' title='bbox 585 1789 980 1848; x_wconf 86' lang='lat' dir='ltr'>praesumantur,</span> <span class='ocrx_word' id='word_1_173' title='bbox 1020 1786 1132 1848; x_wconf 90' lang='lat' dir='ltr'>quia</span> <span class='ocrx_word' id='word_1_174' title='bbox 1164 1790 1366 1848; x_wconf 86' lang='lat' dir='ltr'>gravant</span> <span class='ocrx_word' id='word_1_175' title='bbox 1397 1783 1717 1851; x_wconf 88' lang='lat' dir='ltr'>stomachum,</span> <span class='ocrx_word' id='word_1_176' title='bbox 1753 1785 1866 1848; x_wconf 89' lang='lat' dir='ltr'>quia</span> 
     </span>
     <span class='ocr_line' id='line_1_23' title="bbox 186 1823 1366 1920; baseline 0 -16"><span class='ocrx_word' id='word_1_177' title='bbox 186 1871 286 1904; x_wconf 92' lang='grc'><strong>11011</strong></span> <span class='ocrx_word' id='word_1_178' title='bbox 327 1863 403 1906; x_wconf 92' lang='lat' dir='ltr'>est</span> <span class='ocrx_word' id='word_1_179' title='bbox 439 1856 519 1905; x_wconf 93' lang='lat' dir='ltr'>illa</span> <span class='ocrx_word' id='word_1_180' title='bbox 559 1858 724 1920; x_wconf 86' lang='lat' dir='ltr'>sagina</span> <span class='ocrx_word' id='word_1_181' title='bbox 763 1823 1000 1905; x_wconf 58' lang='lat' dir='ltr'>naturali&#39;s</span> <span class='ocrx_word' id='word_1_182' title='bbox 1040 1856 1126 1905; x_wconf 90' lang='lat' dir='ltr'>sed</span> <span class='ocrx_word' id='word_1_183' title='bbox 1166 1857 1366 1906; x_wconf 91' lang='lat' dir='ltr'>adiecta</span> 
     </span>
     <span class='ocr_line' id='line_1_24' title="bbox 298 1929 1952 1996; baseline 0.002 -19"><span class='ocrx_word' id='word_1_184' title='bbox 298 1929 502 1994; x_wconf 80' lang='lat' dir='ltr'>gallinae</span> <span class='ocrx_word' id='word_1_185' title='bbox 543 1929 617 1977; x_wconf 87' lang='lat' dir='ltr'>vel</span> <span class='ocrx_word' id='word_1_186' title='bbox 655 1929 778 1994; x_wconf 90' lang='lat' dir='ltr'>pulli</span> <span class='ocrx_word' id='word_1_187' title='bbox 815 1931 1126 1996; x_wconf 81' lang='lat' dir='ltr'>pinguioreS,</span> <span class='ocrx_word' id='word_1_188' title='bbox 1174 1931 1259 1993; x_wconf 92' lang='lat' dir='ltr'>qui</span> <span class='ocrx_word' id='word_1_189' title='bbox 1290 1945 1390 1978; x_wconf 92' lang='lat' dir='ltr'>non</span> <span class='ocrx_word' id='word_1_190' title='bbox 1438 1935 1602 1978; x_wconf 90' lang='lat' dir='ltr'>tamen</span> <span class='ocrx_word' id='word_1_191' title='bbox 1642 1931 1863 1994; x_wconf 86' lang='lat' dir='ltr'>saginan·</span> <span class='ocrx_word' id='word_1_192' title='bbox 1889 1936 1952 1982; x_wconf 81' lang='lat'>23</span> 
     </span>
     <span class='ocr_line' id='line_1_25' title="bbox 192 2002 1867 2068; baseline 0.001 -18"><span class='ocrx_word' id='word_1_193' title='bbox 192 2010 300 2068; x_wconf 87' lang='lat' dir='ltr'>tur,</span> <span class='ocrx_word' id='word_1_194' title='bbox 356 2004 564 2067; x_wconf 87' lang='lat' dir='ltr'>congrui</span> <span class='ocrx_word' id='word_1_195' title='bbox 609 2009 726 2051; x_wconf 91' lang='lat' dir='ltr'>sunt</span> <span class='ocrx_word' id='word_1_196' title='bbox 763 2003 829 2050; x_wconf 91' lang='lat' dir='ltr'>ita</span> <span class='ocrx_word' id='word_1_197' title='bbox 877 2010 932 2051; x_wconf 92' lang='lat' dir='ltr'>ut</span> <span class='ocrx_word' id='word_1_198' title='bbox 977 2002 1184 2051; x_wconf 91' lang='lat' dir='ltr'>hiberno</span> <span class='ocrx_word' id='word_1_199' title='bbox 1231 2010 1452 2067; x_wconf 87' lang='lat' dir='ltr'>tempore</span> <span class='ocrx_word' id='word_1_200' title='bbox 1504 2010 1616 2051; x_wconf 90' lang='lat' dir='ltr'>ante</span> <span class='ocrx_word' id='word_1_201' title='bbox 1663 2002 1867 2052; x_wconf 87' lang='lat' dir='ltr'>biduum</span> 
     </span>
     <span class='ocr_line' id='line_1_26' title="bbox 99 2075 1866 2142; baseline 0.001 -19"><span class='ocrx_word' id='word_1_202' title='bbox 99 2085 155 2124; x_wconf 81' lang='lat'>25</span> <span class='ocrx_word' id='word_1_203' title='bbox 191 2075 506 2142; x_wconf 81' lang='lat' dir='ltr'>occidantur,</span> <span class='ocrx_word' id='word_1_204' title='bbox 554 2090 664 2124; x_wconf 91' lang='lat' dir='ltr'>nam</span> <span class='ocrx_word' id='word_1_205' title='bbox 707 2077 903 2124; x_wconf 88' lang='lat' dir='ltr'>aestivis</span> <span class='ocrx_word' id='word_1_206' title='bbox 944 2075 1117 2124; x_wconf 87' lang='lat' dir='ltr'>diebus</span> <span class='ocrx_word' id='word_1_207' title='bbox 1156 2083 1267 2125; x_wconf 91' lang='lat' dir='ltr'>ante</span> <span class='ocrx_word' id='word_1_208' title='bbox 1309 2091 1469 2125; x_wconf 88' lang='lat' dir='ltr'>seram</span> <span class='ocrx_word' id='word_1_209' title='bbox 1508 2082 1711 2125; x_wconf 90' lang='lat' dir='ltr'>tantum.</span> <span class='ocrx_word' id='word_1_210' title='bbox 1783 2077 1866 2140; x_wconf 91' lang='lat' dir='ltr'>qui</span> 
     </span>
     <span class='ocr_line' id='line_1_27' title="bbox 189 2148 1864 2215; baseline 0.001 -19"><span class='ocrx_word' id='word_1_211' title='bbox 189 2150 392 2213; x_wconf 87' lang='lat' dir='ltr'>capriati</span> <span class='ocrx_word' id='word_1_212' title='bbox 431 2150 547 2198; x_wconf 86' lang='lat' dir='ltr'>sacti</span> <span class='ocrx_word' id='word_1_213' title='bbox 585 2148 761 2197; x_wconf 92' lang='lat' dir='ltr'>melius</span> <span class='ocrx_word' id='word_1_214' title='bbox 801 2149 1142 2215; x_wconf 89' lang='lat' dir='ltr'>comeduntur,</span> <span class='ocrx_word' id='word_1_215' title='bbox 1181 2151 1389 2198; x_wconf 87' lang='lat' dir='ltr'>maxime</span> <span class='ocrx_word' id='word_1_216' title='bbox 1412 2156 1614 2214; x_wconf 89' lang='lat' dir='ltr'>pectora</span> <span class='ocrx_word' id='word_1_217' title='bbox 1644 2151 1864 2214; x_wconf 85' lang='lat' dir='ltr'>ipsorum</span> 
     </span>
     <span class='ocr_line' id='line_1_28' title="bbox 189 2222 1863 2287; baseline 0.001 -18"><span class='ocrx_word' id='word_1_218' title='bbox 189 2229 239 2270; x_wconf 90' lang='lat' dir='ltr'>et</span> <span class='ocrx_word' id='word_1_219' title='bbox 277 2222 505 2287; x_wconf 86' lang='lat' dir='ltr'>ascellae,</span> <span class='ocrx_word' id='word_1_220' title='bbox 546 2224 659 2285; x_wconf 90' lang='lat' dir='ltr'>quia</span> <span class='ocrx_word' id='word_1_221' title='bbox 698 2223 791 2270; x_wconf 89' lang='lat' dir='ltr'>ista</span> <span class='ocrx_word' id='word_1_222' title='bbox 829 2222 1059 2271; x_wconf 89' lang='lat' dir='ltr'>meliores</span> <span class='ocrx_word' id='word_1_223' title='bbox 1097 2222 1331 2272; x_wconf 89' lang='lat' dir='ltr'>humores</span> <span class='ocrx_word' id='word_1_224' title='bbox 1372 2230 1421 2271; x_wconf 90' lang='lat' dir='ltr'>et</span> <span class='ocrx_word' id='word_1_225' title='bbox 1460 2224 1747 2287; x_wconf 88' lang='lat' dir='ltr'>sanguinem</span> <span class='ocrx_word' id='word_1_226' title='bbox 1780 2222 1863 2271; x_wconf 91' lang='lat' dir='ltr'>bo-</span> 
     </span>
     <span class='ocr_line' id='line_1_29' title="bbox 188 2298 1862 2360; baseline 0.001 -18"><span class='ocrx_word' id='word_1_227' title='bbox 188 2310 306 2343; x_wconf 91' lang='lat' dir='ltr'>num</span> <span class='ocrx_word' id='word_1_228' title='bbox 346 2298 587 2344; x_wconf 86' lang='lat' dir='ltr'>nutriunt.</span> <span class='ocrx_word' id='word_1_229' title='bbox 658 2310 769 2343; x_wconf 91' lang='lat' dir='ltr'>nam</span> <span class='ocrx_word' id='word_1_230' title='bbox 804 2298 1081 2360; x_wconf 91' lang='lat' dir='ltr'>posteriora</span> <span class='ocrx_word' id='word_1_231' title='bbox 1127 2298 1345 2347; x_wconf 91' lang='lat' dir='ltr'>omnium</span> <span class='ocrx_word' id='word_1_232' title='bbox 1385 2298 1546 2344; x_wconf 86' lang='lat' dir='ltr'>avium</span> <span class='ocrx_word' id='word_1_233' title='bbox 1594 2298 1724 2344; x_wconf 91' lang='lat' dir='ltr'>sanis</span> <span class='ocrx_word' id='word_1_234' title='bbox 1758 2298 1862 2360; x_wconf 87' lang='lat' dir='ltr'>qui-</span> 
     </span>
     <span class='ocr_line' id='line_1_30' title="bbox 190 2367 1863 2434; baseline 0.001 -18"><span class='ocrx_word' id='word_1_235' title='bbox 190 2367 301 2416; x_wconf 92' lang='lat' dir='ltr'>dem</span> <span class='ocrx_word' id='word_1_236' title='bbox 332 2367 614 2417; x_wconf 89' lang='lat' dir='ltr'>hominibus</span> <span class='ocrx_word' id='word_1_237' title='bbox 654 2378 763 2432; x_wconf 89' lang='lat' dir='ltr'>apta</span> <span class='ocrx_word' id='word_1_238' title='bbox 804 2375 934 2434; x_wconf 84' lang='lat' dir='ltr'>sunt,</span> <span class='ocrx_word' id='word_1_239' title='bbox 974 2376 1022 2417; x_wconf 91' lang='lat' dir='ltr'>et</span> <span class='ocrx_word' id='word_1_240' title='bbox 1052 2371 1144 2418; x_wconf 82' lang='lat' dir='ltr'>ista</span> <span class='ocrx_word' id='word_1_241' title='bbox 1176 2377 1226 2418; x_wconf 91' lang='lat' dir='ltr'>et</span> <span class='ocrx_word' id='word_1_242' title='bbox 1249 2371 1423 2418; x_wconf 92' lang='lat' dir='ltr'>omnia.</span> <span class='ocrx_word' id='word_1_243' title='bbox 1485 2384 1598 2417; x_wconf 92' lang='lat' dir='ltr'>nam</span> <span class='ocrx_word' id='word_1_244' title='bbox 1637 2376 1863 2418; x_wconf 85' lang='lat' dir='ltr'>auctores</span> 
     </span>
     <span class='ocr_line' id='line_1_31' title="bbox 99 2438 1861 2507; baseline 0.001 -18"><span class='ocrx_word' id='word_1_245' title='bbox 99 2450 155 2489; x_wconf 90' lang='lat'>30</span> <span class='ocrx_word' id='word_1_246' title='bbox 187 2442 278 2489; x_wconf 87' lang='lat' dir='ltr'>ista</span> <span class='ocrx_word' id='word_1_247' title='bbox 319 2438 634 2505; x_wconf 76' lang='lat' dir='ltr'>(quaerunt)</span> <span class='ocrx_word' id='word_1_248' title='bbox 675 2457 799 2504; x_wconf 91' lang='lat' dir='ltr'>quae</span> <span class='ocrx_word' id='word_1_249' title='bbox 827 2449 943 2491; x_wconf 91' lang='lat' dir='ltr'>sunt</span> <span class='ocrx_word' id='word_1_250' title='bbox 972 2444 1236 2507; x_wconf 89' lang='lat' dir='ltr'>praecipua</span> <span class='ocrx_word' id='word_1_251' title='bbox 1261 2442 1482 2491; x_wconf 90' lang='lat' dir='ltr'>membra</span> <span class='ocrx_word' id='word_1_252' title='bbox 1515 2444 1645 2491; x_wconf 91' lang='lat' dir='ltr'>inter</span> <span class='ocrx_word' id='word_1_253' title='bbox 1669 2442 1861 2491; x_wconf 87' lang='lat' dir='ltr'>diversa</span> 
     </span>
     <span class='ocr_line' id='line_1_32' title="bbox 184 2514 1862 2578; baseline 0.001 -16"><span class='ocrx_word' id='word_1_254' title='bbox 184 2529 365 2578; x_wconf 85' lang='lat' dir='ltr'>genera</span> <span class='ocrx_word' id='word_1_255' title='bbox 404 2515 461 2563; x_wconf 92' lang='lat' dir='ltr'>ad</span> <span class='ocrx_word' id='word_1_256' title='bbox 501 2516 633 2563; x_wconf 89' lang='lat' dir='ltr'>viros</span> <span class='ocrx_word' id='word_1_257' title='bbox 673 2514 904 2564; x_wconf 90' lang='lat' dir='ltr'>deliciose</span> <span class='ocrx_word' id='word_1_258' title='bbox 945 2517 1163 2564; x_wconf 87' lang='lat' dir='ltr'>viventes</span> <span class='ocrx_word' id='word_1_259' title='bbox 1202 2522 1252 2564; x_wconf 94' lang='lat' dir='ltr'>et</span> <span class='ocrx_word' id='word_1_260' title='bbox 1290 2515 1481 2564; x_wconf 84' lang='lat' dir='ltr'>diversa</span> <span class='ocrx_word' id='word_1_261' title='bbox 1521 2515 1742 2564; x_wconf 88' lang='lat' dir='ltr'>ciborum</span> <span class='ocrx_word' id='word_1_262' title='bbox 1783 2531 1862 2563; x_wconf 88' lang='lat' dir='ltr'>su·</span> 
     </span>
     <span class='ocr_line' id='line_1_33' title="bbox 180 2588 1862 2655; baseline 0 -19"><span class='ocrx_word' id='word_1_263' title='bbox 180 2594 401 2637; x_wconf 88' lang='lat' dir='ltr'>mentes:</span> <span class='ocrx_word' id='word_1_264' title='bbox 451 2603 541 2652; x_wconf 90' lang='lat' dir='ltr'>pro</span> <span class='ocrx_word' id='word_1_265' title='bbox 581 2589 703 2652; x_wconf 91' lang='lat' dir='ltr'>ipsis</span> <span class='ocrx_word' id='word_1_266' title='bbox 751 2590 971 2652; x_wconf 85' lang='lat' dir='ltr'>exposita</span> <span class='ocrx_word' id='word_1_267' title='bbox 1022 2595 1097 2637; x_wconf 91' lang='lat' dir='ltr'>est</span> <span class='ocrx_word' id='word_1_268' title='bbox 1135 2591 1229 2638; x_wconf 92' lang='lat' dir='ltr'>ista</span> <span class='ocrx_word' id='word_1_269' title='bbox 1279 2591 1427 2655; x_wconf 84' lang='lat' dir='ltr'>rati0,</span> <span class='ocrx_word' id='word_1_270' title='bbox 1465 2595 1721 2653; x_wconf 86' lang='lat' dir='ltr'>praeterea</span> <span class='ocrx_word' id='word_1_271' title='bbox 1766 2588 1862 2636; x_wconf 88' lang='lat' dir='ltr'>illis</span> 
     </span>
     <span class='ocr_line' id='line_1_34' title="bbox 182 2661 1860 2726; baseline 0 -17"><span class='ocrx_word' id='word_1_272' title='bbox 182 2663 266 2724; x_wconf 92' lang='lat' dir='ltr'>qui</span> <span class='ocrx_word' id='word_1_273' title='bbox 319 2662 618 2710; x_wconf 89' lang='lat' dir='ltr'>infirmiores</span> <span class='ocrx_word' id='word_1_274' title='bbox 672 2668 789 2710; x_wconf 88' lang='lat' dir='ltr'>sunt</span> <span class='ocrx_word' id='word_1_275' title='bbox 851 2677 1073 2726; x_wconf 89' lang='lat' dir='ltr'>corpore.</span> <span class='ocrx_word' id='word_1_276' title='bbox 1149 2677 1260 2710; x_wconf 91' lang='lat' dir='ltr'>nam</span> <span class='ocrx_word' id='word_1_277' title='bbox 1313 2664 1443 2711; x_wconf 88' lang='lat' dir='ltr'>inter</span> <span class='ocrx_word' id='word_1_278' title='bbox 1494 2662 1685 2710; x_wconf 87' lang='lat' dir='ltr'>diversa</span> <span class='ocrx_word' id='word_1_279' title='bbox 1734 2661 1860 2709; x_wconf 88' lang='lat' dir='ltr'>bona</span> 
     </span>
     <span class='ocr_line' id='line_1_35' title="bbox 183 2734 1860 2799; baseline 0 -17"><span class='ocrx_word' id='word_1_280' title='bbox 183 2736 442 2783; x_wconf 88' lang='lat' dir='ltr'>commixta</span> <span class='ocrx_word' id='word_1_281' title='bbox 483 2737 531 2783; x_wconf 92' lang='lat' dir='ltr'>in</span> <span class='ocrx_word' id='word_1_282' title='bbox 573 2735 778 2799; x_wconf 91' lang='lat' dir='ltr'>prandio</span> <span class='ocrx_word' id='word_1_283' title='bbox 821 2737 862 2783; x_wconf 87' lang='lat' dir='ltr'>si</span> <span class='ocrx_word' id='word_1_284' title='bbox 900 2751 1030 2784; x_wconf 92' lang='lat' dir='ltr'>unus</span> <span class='ocrx_word' id='word_1_285' title='bbox 1070 2734 1209 2784; x_wconf 92' lang='lat' dir='ltr'>cibus</span> <span class='ocrx_word' id='word_1_286' title='bbox 1249 2750 1348 2784; x_wconf 90' lang='lat' dir='ltr'>non</span> <span class='ocrx_word' id='word_1_287' title='bbox 1388 2750 1635 2799; x_wconf 86' lang='lat' dir='ltr'>congruus</span> <span class='ocrx_word' id='word_1_288' title='bbox 1668 2743 1717 2783; x_wconf 92' lang='lat' dir='ltr'>et</span> <span class='ocrx_word' id='word_1_289' title='bbox 1750 2749 1860 2782; x_wconf 89' lang='lat' dir='ltr'>cru-</span> 
     </span>
     <span class='ocr_line' id='line_1_36' title="bbox 90 2807 1858 2873; baseline -0.001 -18"><span class='ocrx_word' id='word_1_290' title='bbox 90 2815 146 2854; x_wconf 87' lang='lat'>35</span> <span class='ocrx_word' id='word_1_291' title='bbox 181 2807 288 2855; x_wconf 90' lang='lat' dir='ltr'>dior</span> <span class='ocrx_word' id='word_1_292' title='bbox 328 2808 494 2873; x_wconf 82' lang='lat' dir='ltr'>fuerit,</span> <span class='ocrx_word' id='word_1_293' title='bbox 533 2808 613 2856; x_wconf 93' lang='lat' dir='ltr'>illa</span> <span class='ocrx_word' id='word_1_294' title='bbox 653 2808 743 2856; x_wconf 89' lang='lat' dir='ltr'>alia</span> <span class='ocrx_word' id='word_1_295' title='bbox 782 2807 909 2856; x_wconf 91' lang='lat' dir='ltr'>bona</span> <span class='ocrx_word' id='word_1_296' title='bbox 949 2809 1154 2873; x_wconf 86' lang='lat' dir='ltr'>dissipat</span> <span class='ocrx_word' id='word_1_297' title='bbox 1193 2816 1243 2858; x_wconf 88' lang='lat' dir='ltr'>et</span> <span class='ocrx_word' id='word_1_298' title='bbox 1281 2825 1379 2858; x_wconf 90' lang='lat' dir='ltr'>non</span> <span class='ocrx_word' id='word_1_299' title='bbox 1419 2809 1596 2857; x_wconf 88' lang='lat' dir='ltr'>bonam</span> <span class='ocrx_word' id='word_1_300' title='bbox 1629 2807 1858 2871; x_wconf 85' lang='lat' dir='ltr'>digestio-</span> 
     </span>
     <span class='ocr_line' id='line_1_37' title="bbox 181 2881 1859 2947; baseline -0.001 -19"><span class='ocrx_word' id='word_1_301' title='bbox 181 2895 294 2928; x_wconf 90' lang='lat' dir='ltr'>nem</span> <span class='ocrx_word' id='word_1_302' title='bbox 333 2883 577 2945; x_wconf 87' lang='lat' dir='ltr'>permittit</span> <span class='ocrx_word' id='word_1_303' title='bbox 615 2888 837 2929; x_wconf 84' lang='lat' dir='ltr'>ventrem</span> <span class='ocrx_word' id='word_1_304' title='bbox 877 2881 1072 2931; x_wconf 89' lang='lat' dir='ltr'>habere.</span> <span class='ocrx_word' id='word_1_305' title='bbox 1135 2898 1282 2947; x_wconf 88' lang='lat' dir='ltr'>supra</span> <span class='ocrx_word' id='word_1_306' title='bbox 1331 2884 1541 2946; x_wconf 88' lang='lat' dir='ltr'>scriptae</span> <span class='ocrx_word' id='word_1_307' title='bbox 1592 2896 1707 2928; x_wconf 88' lang='lat' dir='ltr'>vero</span> <span class='ocrx_word' id='word_1_308' title='bbox 1748 2894 1859 2927; x_wconf 88' lang='lat' dir='ltr'>aves</span> 
     </span>
    </p>
   </div>
  </div>
 </body>
</html>
