2060 3294
865 146 1195 197 ...8-

197 276 382 330 sab'rica
433 279 608 329 domus
661 280 863 344 parietis
912 280 954 327 si
993 278 1176 327 calcem
1215 284 1265 328 et
1314 292 1490 342 aquam
1529 281 1638 343 quis
1683 287 1874 330 tantum

194 350 541 418 temperaverit
565 360 801 417 quantum
833 354 958 401 ratio
989 353 1149 416 poscit
1178 358 1235 400 ut
1267 352 1423 415 spissa
1455 353 1519 400 sit
1555 353 1660 417 ipsa
1688 355 1891 421 mixtio,

189 428 384 491 proficit
432 428 483 474 in
534 425 740 491 fabrica,
794 433 844 475 et
892 431 1052 491 tenet,
1107 426 1148 473 si
1199 431 1364 473 autem
1403 426 1520 473 satis
1560 439 1685 488 aqua
1724 429 1872 476 missa

191 500 362 564 fuerit,
408 499 529 548 nihil
567 500 783 565 proficit,
835 500 905 547 sic
946 505 995 547 et
1033 500 1084 546 in
1124 496 1248 547 cibis
1286 496 1363 546 vel
1401 504 1522 561 potu
1561 500 1686 547 ratio
1726 499 1876 550 debet

132 581 157 621 5
191 574 402 637 agnosci.
443 587 559 636 ergo
593 578 642 621 et
674 574 804 621 sicut
835 587 984 636 supra
1014 571 1226 620 diximus
1264 573 1422 635 prima
1453 573 1634 621 sanitas
1659 588 1719 622 ex
1751 572 1874 622 cibis

190 645 316 694 bene
356 647 509 694 coctis
550 651 600 694 et
637 644 763 694 bene
803 645 1007 709 digestis
1047 650 1251 693 constat.

291 734 411 767 nam
457 719 505 781 7si
552 720 662 782 quis
711 718 861 767 dicat:
915 718 1061 771 homo
1115 719 1167 766 in
1207 716 1517 782 expeditione
1567 720 1759 783 positus
1796 719 1873 768 vel

187 793 282 840 iter
329 783 477 856 agens
527 791 727 856 longum
769 790 1013 855 quomodo
1064 797 1229 855 potest
1268 806 1321 839 se
1371 790 1536 840 taliter
1575 790 1875 841 observare?
1910 785 1916 790 ’

100 921 105 924 .
189 872 238 914 et
276 880 366 929 ego
419 880 652 929 suggero:
705 863 791 914 ubi
842 865 982 913 focus
1023 871 1099 913 est
1135 863 1212 912 vel
1257 870 1396 912 vacat
1447 879 1570 927 quae
1620 864 1870 928 praedicta

102 947 155 986 10
189 946 304 987 sunt
353 939 462 986 fieri
501 937 697 987 debent.
774 953 887 986 nam
926 939 968 986 si
1015 938 1286 986 necessitas
1326 939 1545 1001 exegerit
1583 952 1758 986 carnes
1797 938 1872 987 vel

187 1011 278 1060 alia
318 1010 548 1060 crudiora
586 1011 904 1075 manducare,
955 1026 1054 1059 non
1094 1010 1153 1059 ad
1193 1012 1495 1059 nimietatem
1535 1011 1621 1059 sed
1659 1013 1871 1075 parcius

187 1084 272 1133 sed
324 1084 441 1149 quid
490 1084 623 1151 pluS,
678 1086 908 1149 quoniam
948 1083 1007 1132 ab
1048 1086 1262 1148 antiquis
1313 1083 1498 1132 dictum
1548 1090 1624 1132 est
1671 1086 1872 1150 „omnia

186 1159 334 1206 nimia
373 1152 597 1207 nocent“.
639 1173 750 1206 nam
791 1164 839 1206 et
878 1158 937 1206 de
977 1164 1113 1224 potii,
1154 1159 1195 1206 si
1235 1158 1345 1221 quis
1378 1156 1706 1206 caballicando
1740 1159 1870 1207 etin

184 1230 350 1280 labore
402 1230 680 1279 festinando
719 1230 927 1295 amplius
974 1238 1146 1295 potum
1192 1232 1607 1296 praesumpserit,
1658 1245 1870 1280 commo-

100 1313 152 1352 15
186 1303 343 1352 vendo
385 1319 436 1352 se
476 1306 528 1352 in
561 1319 688 1368 equo
713 1303 986 1369 vexabitur,
1025 1313 1075 1353 et
1113 1306 1163 1352 in
1188 1310 1359 1353 ventre
1399 1305 1567 1368 peiora
1598 1311 1869 1354 nascuntur

185 1392 328 1441 quam
370 1377 429 1426 de
470 1376 606 1426 cibis,

296 1450 382 1499 sed
437 1451 564 1499 forte
612 1450 793 1499 dicitur
840 1450 981 1499 mihi:
1037 1466 1188 1514 quare
1237 1457 1410 1515 gentes
1448 1451 1569 1500 aliae
1609 1450 1868 1500 crudiores

185 1538 358 1572 carnes
397 1523 695 1572 manducant
726 1531 776 1572 et
808 1524 1221 1589 sanguinolentaS,
1261 1531 1310 1572 et
1343 1526 1445 1572 sani
1487 1521 1639 1573 sunt?
1679 1531 1727 1573 et
1754 1524 1870 1574 licet

183 1611 276 1646 nec
314 1596 384 1645 illi
423 1598 622 1645 omnino
663 1598 768 1645 sani
807 1598 921 1663 sint,
961 1599 1074 1661 quia
1113 1598 1207 1661 ipsi
1247 1596 1339 1646 sibi
1376 1597 1642 1646 medicinas
1683 1597 1870 1648 faciunt

95 1679 152 1719 20
185 1697 254 1704 -—
296 1685 407 1719 cum
447 1669 571 1718 male
612 1669 705 1718 sibi
738 1672 1000 1736 senserint,
1039 1670 1260 1719 ustulant
1291 1685 1344 1719 se
1383 1670 1493 1719 foco
1532 1672 1584 1719 in
1617 1670 1869 1720 stomacho

183 1750 233 1792 et
271 1750 442 1791 ventre
483 1750 533 1792 et
570 1758 660 1807 per
700 1742 789 1791 alia
840 1742 968 1809 loca,
1019 1743 1264 1807 quomodo
1305 1743 1478 1792 caballi
1516 1744 1691 1792 furiosi
1730 1752 1866 1794 ustu-

182 1816 346 1865 lantur
369 1823 629 1865 —tamen
670 1823 719 1865 et
757 1816 871 1865 inde
912 1816 1065 1865 reddo
1105 1818 1360 1865 rationem.
1399 1816 1470 1864 illi
1508 1831 1662 1866 unum
1702 1816 1866 1867 cibum

183 1889 502 1954 manducant,
542 1891 671 1938 sicut
707 1888 824 1953 lupi.
865 1904 975 1937 nam
1017 1905 1115 1938 non
1155 1889 1357 1955 multOS,
1398 1891 1510 1953 quia
1550 1905 1648 1938 non
1687 1890 1869 1941 habent

59 2024 61 2026 η
187 1964 281 2010 nisi
323 1977 496 2011 carnes
537 1969 586 2011 et
623 1961 774 2011 lactes
815 1969 864 2011 et
902 1962 1045 2027 ipsud
1088 1962 1218 2026 quod
1257 1962 1520 2012 habuerint
1557 1963 1866 2014 manducant.

55 2031 58 2033 ’
100 2045 155 2084 25
191 2042 240 2084 et
278 2035 508 2084 videntur
548 2050 655 2084 esse
697 2037 801 2084 sani
841 2035 900 2084 de
939 2037 1184 2100 paucitate
1225 2035 1461 2084 ciborum.
1538 2051 1630 2085 nec
1668 2052 1766 2086 non
1807 2037 1866 2086 de

185 2116 307 2172 potu
346 2115 422 2157 est
462 2108 654 2172 quando
701 2107 905 2174 habent,
956 2115 1032 2157 est
1071 2108 1264 2172 quando
1314 2108 1459 2173 longo
1498 2115 1719 2173 tempore
1767 2126 1866 2159 non

186 2181 380 2231 habent.
421 2188 470 2230 et
507 2183 729 2246 paucitas
767 2183 873 2246 ipsa
911 2182 1105 2231 videtur
1143 2183 1264 2246 ipsis
1304 2184 1558 2231 sanitatem
1598 2189 1865 2246 praestare.

185 2270 298 2303 nam
337 2270 427 2303 nos
467 2256 553 2318 qui
592 2253 799 2303 diversis
839 2254 962 2304 cibis
1002 2262 1052 2304 et
1098 2255 1304 2304 diversis
1343 2254 1530 2303 deliciis
1571 2262 1619 2303 et
1658 2255 1864 2305 diversis

183 2327 373 2392 poculis
399 2342 489 2376 nos
515 2329 752 2393 angimUS,
784 2343 987 2376 necesse
1012 2327 1249 2377 habemus
1273 2343 1364 2376 nos
1395 2327 1670 2392 gubernare
1702 2328 1866 2377 taliter

92 2412 149 2450 30
184 2408 240 2450 ut
264 2416 362 2449 non
387 2416 478 2465 pro
504 2402 755 2448 nimietate
782 2401 1117 2467 adgravemur,
1149 2401 1233 2450 sed
1259 2403 1412 2465 magis
1442 2403 1639 2465 parcius
1665 2409 1864 2466 agentes

183 2476 439 2523 sanitatem
464 2472 788 2522 obtineamus.
828 2475 871 2522 si
909 2477 1020 2538 quis
1059 2489 1175 2522 vero
1216 2474 1485 2523 delectatus
1526 2474 1675 2523 fuerit
1699 2474 1864 2523 cibum

181 2546 572 2610 qualemcunque
598 2547 908 2613 manducare,
942 2547 1027 2596 sed
1058 2549 1109 2595 in
1142 2549 1300 2611 primo
1332 2547 1458 2596 bene
1491 2547 1673 2595 factum
1698 2547 1863 2596 cibum

179 2627 483 2686 praesumat,
530 2625 579 2667 et
625 2619 685 2668 de
726 2619 1021 2669 aliisrebus
1066 2622 1263 2684 parcius
1303 2622 1368 2669 ita
1408 2627 1463 2668 ut
1508 2620 1730 2669 lucretur
1768 2620 1861 2669 hoc

154 2693 311 2757 quod
350 2694 564 2757 primum
589 2694 778 2757 accepit
811 2699 860 2741 et
897 2692 1023 2741 bene
1065 2693 1265 2756 digerat.
1305 2699 1565 2758 propterea
1602 2692 1861 2757 diligenter

93 2776 149 2815 35
185 2760 376 2815 constat
436 2765 698 2832 observare
762 2780 885 2828 quae
941 2782 966 2814 a
1013 2765 1155 2814 nobis
1217 2773 1445 2831 suggesta
1507 2772 1623 2814 sunt
1682 2765 1860 2814 auxilio

184 2838 373 2887 divinae
442 2839 711 2887 maiestatis
783 2846 830 2887 et
899 2838 1084 2887 domini
1153 2841 1310 2887 nostri
1378 2839 1496 2888 Jesu
1559 2837 1761 2904 Christi,
1833 2853 1859 2886 a
