2084 3312
933 901 1047 954 Inci
1086 901 1130 954 it

183 979 396 1044 epistula
450 978 668 1028 Anthimi
728 979 821 1027 viri
880 920 1105 1027 inlustrlijs
1165 978 1358 1026 comitis
1422 972 1508 1026 et'
1531 975 1755 1041 legatarii
1816 976 1875 1026 ad
1943 1037 1946 1040 ξ

185 1053 595 1117 gloriosissimum
633 1051 1000 1100 Theudericum
1046 1066 1214 1116 regem
1252 1039 1556 1143 Francorum
1605 1049 1666 1099 de
1705 1049 1875 1120 obser-
1910 1105 1912 1107 ,

186 1128 379 1175 vatione
421 1125 659 1174 ciborum.

296 1270 516 1329 Qualiter
569 1283 742 1319 omnes
788 1269 886 1319 cibi
939 1270 1261 1330 comedantur
1309 1277 1365 1319 ut
1409 1269 1536 1319 bene
1584 1257 1872 1335 digerantur

184 1351 236 1393 et
274 1346 533 1393 sanitatem
571 1350 824 1408 praestare
864 1343 1089 1410 debeant,
1127 1359 1240 1392 nam
1271 1358 1372 1392 non
1410 1336 1746 1394 infirmitatem
1773 1350 1871 1393 sto·
1909 1352 1943 1409 5[

185 1417 346 1467 machi
395 1432 487 1466 nec
534 1418 829 1466 anxietatem
878 1417 1080 1466 humani
1128 1416 1314 1483 cordiS‚
1364 1410 1607 1466 rationem
1646 1416 1872 1466 observa-

184 1492 333 1540 tionis
364 1497 556 1539 vestrae
594 1492 780 1557 pietati,
820 1489 1094 1539 secundum
1131 1496 1394 1554 praecepta
1426 1496 1692 1548 auctorum,
1721 1490 1874 1540 medi-

184 1564 431 1629 cinalium,
484 1570 541 1612 ut
578 1565 718 1629 potui
754 1563 892 1612 vobis
933 1565 1179 1628 exponere
1218 1563 1529 1627 profuturam
1575 1563 1873 1628 generaliter

183 1638 467 1701 procuravi:
522 1638 751 1700 quoniam
790 1639 948 1701 prima
987 1638 1168 1685 sanitas
1207 1636 1478 1701 hominum⁶
1500 1638 1551 1685 in
1592 1636 1714 1685 cibis
1754 1652 1869 1686 con-

183 1712 322 1774 gruis
361 1716 577 1776 constat‚
622 1710 671 1758 id
712 1717 788 1758 est
826 1712 869 1758 si
907 1710 1033 1758 bene
1074 1709 1279 1758 adhibiti
1325 1711 1533 1776 fuerint,
1579 1709 1760 1758 bonam
1799 1710 1870 1759 di·
1916 1718 1971 1758 10

182 1785 458 1848 gestionem
482 1785 706 1847 corporis
730 1784 930 1849 faciunt,
968 1785 1011 1832 si
1038 1790 1200 1832 autem
1227 1792 1326 1832 non
1349 1782 1475 1832 bene
1508 1784 1695 1832 fuerint
1726 1785 1871 1849 cocti,

185 1858 472 1920 gravitatem
527 1856 778 1904 stomacho
830 1863 880 1905 et
917 1858 1078 1905 ventri
1131 1857 1339 1922 faciunt,
1394 1857 1542 1905 etiam
1589 1863 1639 1905 et
1688 1857 1870 1906 crudos

186 1929 421 1978 humores
459 1935 698 1993 generant
729 1937 779 1978 et
810 1930 1002 1979 acedias
1042 1929 1367 1979 carbunculos
1400 1935 1450 1978 et
1488 1936 1661 1979 ructus
1699 1945 1872 1994 graves

186 2003 386 2051 faciunt.
426 2002 602 2051 exinde
642 2004 789 2051 etiam
828 2004 992 2052 fumus
1031 2004 1083 2051 in
1122 2004 1279 2067 capite
1310 2002 1555 2068 ascendit,
1593 2003 1724 2052 unde
1764 2018 1870 2052 sco-

187 2077 430 2125 tomaticis
469 2082 520 2124 et
559 2075 791 2159 caligines
830 2091 1002 2140 graves
1040 2077 1149 2124 fieri
1188 2075 1361 2125 solent.
1409 2078 1556 2124 etiam
1595 2082 1646 2125 et
1683 2078 1871 2125 ventris
1904 2084 1959 2124 15

188 2148 470 2214 corruptela
509 2165 570 2197 ex
607 2150 714 2213 ipsa
752 2149 990 2213 indigerie
1030 2149 1138 2212 fiet,
1189 2155 1274 2198 aut
1312 2156 1447 2198 certe
1487 2149 1751 2198 desuisum
1788 2164 1880 2213 per

189 2237 244 2271 os
283 2223 497 2271 vomitus
541 2223 618 2288 fit,
667 2187 883 2286 quando&
911 2189 1196 2271 stomachus
1236 2221 1372 2271 cibos
1413 2222 1594 2271 crudos
1635 2223 1879 2271 conficere

189 2310 286 2343 non
328 2297 561 2359 potuerit.
602 2297 644 2344 si
684 2303 848 2345 autem
887 2295 1012 2345 bene
1052 2296 1330 2360 praeparati
1369 2296 1554 2345 fuerint
1594 2295 1706 2362 cibi,
1744 2295 1825 2360 dig
1798 2311 1877 2344 o‘e-

192 2369 287 2416 stio
335 2367 463 2416 bona
503 2375 552 2417 et
598 2369 755 2418 dulcis
795 2370 880 2418 fiet
919 2376 968 2418 et
1018 2369 1253 2418 humores
1291 2368 1409 2417 boni
1446 2371 1751 2418 nutriuntur.
1796 2334 1879 2417 oin

193 2440 287 2489 hoc
329 2442 460 2490 enim
505 2443 663 2506 prima
703 2445 884 2491 sanitas
925 2449 1129 2491 constat.
1184 2444 1251 2490 ita
1291 2448 1340 2490 et
1380 2443 1464 2505 qui
1504 2457 1556 2491 se
1598 2442 1760 2490 taliter
1798 2457 1878 2490 vo·
1915 2451 1974 2490 20
2013 2446 2015 2450 ‘

196 2513 383 2562 luerint
421 2514 697 2580 observare,
739 2516 845 2564 aliis
886 2515 1293 2564 medicaminibus
1332 2530 1432 2564 non
1471 2514 1775 2579 indigebunt.

310 2587 536 2636 similiter
569 2595 618 2636 et
656 2589 716 2637 de
755 2597 877 2653 potu
916 2596 1108 2638 tantum
1141 2595 1336 2653 oportet
1375 2587 1607 2636 adhibere
1649 2595 1896 2652 quantum

199 2674 315 2708 cum
347 2656 477 2708 'cibis
517 2662 796 2710 concordat.
837 2668 1059 2711 ceterum
1098 2664 1141 2711 si
1179 2662 1290 2726 plus
1329 2669 1702 2725 praesumptum
1737 2656 1889 2709 fuerit
1937 2675 1942 2682 ·
1978 2669 1990 2676 ·

199 2738 252 2780 et
282 2734 489 2781 maxime
530 2734 775 2801 frigidum,
816 2735 1097 2784 stomachus
1128 2737 1234 2800 ipse
1266 2733 1725 2798 infrigidatus·nihil
1749 2736 1901 2798 prae-v
1947 2729 1961 2750 ¹

204 2804 344 2854 valet.
385 2805 515 2854 unde
549 2809 696 2856 etiam
720 2808 1001 2873 corruptela
1033 2810 1253 2857 nascitur
1287 2814 1335 2856 et
1372 2806 1453 2855 illa
1492 2822 1616 2870 quae
1657 2808 1886 2872 superius
1917 2814 1976 2854 25

193 2877 420 2927 diximus.
460 2894 614 2928 unum
653 2887 818 2929 tamen
860 2881 1145 2945 exemplum
1186 2881 1519 2944 suggerimus,
1558 2880 1802 2943 quomodo
1835 2881 1886 2927 in
