2060 3294
908 139 1262 192 „52—

273 274 421 327 (yerm.
469 269 703 326 selmling)
735 274 806 313 45.
868 270 1039 314 isocem

273 330 394 373 unde
434 327 567 372 isicia
619 329 688 373 ait
733 329 852 372 Isid.
897 328 1039 383 (Hes,

272 388 372 432 isox
413 387 463 431 in
503 387 667 431 Rheno
712 387 840 431 Ptin.
885 392 925 439 9,
964 389 1043 442 44)

273 460 378 502 cum
396 447 489 491 cod.
507 460 536 502 9
566 446 666 502 (ubi
682 446 817 490 etiam
839 445 926 489 filii
948 445 1040 489 iso-

272 507 407 561 cum).

244 564 322 608 est
353 564 539 619 quando
563 563 680 620 prs„
713 577 805 608 non
830 563 901 607 est
932 576 1043 618 qua-

272 622 378 666 liter
410 626 479 667 14.

243 681 395 725 etiam
427 682 478 726 et
500 681 598 737 prs.
631 685 672 725 et
703 687 742 725 3.
779 685 847 726 14.
882 686 950 725 70.

245 739 540 785 exbromare
574 740 726 796 (Apio.
745 744 813 784 52.
838 744 936 784 216.
956 744 1041 782 270

275 798 471 854 Schuch,
526 800 583 853 cf.
645 799 833 843 bromus
901 797 1040 852 Orib.‚

275 858 514 902 bromosus
549 857 668 902 Cael.
701 858 841 912 Aur„
874 856 1040 900 bromi-

275 916 359 960 dus
411 916 686 960 bromiditas
739 914 1043 960 inbromidari

275 996 331 1012 ---
352 975 579 1026 sordidari
611 980 652 1030 2,
671 979 727 1018 82
759 975 932 1031 Aleae.):
967 987 1040 1017 ex.

272 1033 510 1078 bromatas
533 1037 626 1077 una
644 1034 769 1078 unda
786 1033 981 1090 (carnes)
1001 1038 1040 1076 3.

249 1092 516 1137 excalciare
561 1093 786 1148 (scaldare
830 1092 936 1147 GA)
971 1096 1039 1135 76.

246 1150 414 1195 exire}
449 1150 506 1195 de
537 1151 686 1196 larido
720 1186 730 1196 .
765 1186 774 1195 .
809 1187 818 1196 .
851 1164 941 1195 non
975 1152 1046 1193 est

276 1209 475 1266 qualiter
507 1210 631 1254 exire
671 1209 862 1254 delicias
902 1209 1042 1253 Fran—

276 1283 436 1313 corum
470 1274 537 1313 14.

246 1339 490 1372 exsucare
501 1327 787 1384 (Gaea-Aur)
800 1346 809 1372 :
829 1331 1045 1375 exsucata

277 1387 372 1430 alia
394 1386 678 1443 pinguedine
704 1391 774 1432 81.

247 1504 392 1548 faba:
435 1504 543 1548 fava
585 1506 654 1561 (ut
699 1504 823 1550 Orib.
857 1525 912 1541 =
945 1506 1044 1549 ital.

276 1563 403 1617 fava)
437 1562 525 1608 ΘΑ
559 1567 627 1608 65.
663 1567 733 1607 74.
776 1563 885 1607 fava
923 1563 1045 1608 fresa

279 1626 334 1666 65
367 1623 440 1677 (—-
473 1622 518 1664 B
549 1621 681 1677 frixa,
714 1622 770 1676 cf.
807 1621 932 1667 Orib.
965 1623 1044 1667 lat.

277 1680 340 1724 VI
363 1694 414 1736 p.
447 1685 503 1724 23
547 1681 627 1725 ubi
666 1680 777 1726 fava
816 1681 939 1725 fresa
968 1681 1047 1725 Aa

278 1761 333 1775 =
365 1739 514 1784 fracta
558 1739 634 1783 La
675 1744 716 1783 et
752 1739 831 1796 VI,
863 1745 919 1784 27
965 1741 1047 1784 ubi

275 1798 354 1842 Aa
383 1797 506 1842 fresa
538 1819 593 1834 =
625 1798 699 1842 La
742 1798 881 1854 frixa,
924 1803 1045 1842 utro-

278 1858 409 1913 bique
437 1871 504 1914 qr.
525 1854 700 1912 κύαμοι
717 1856 975 1913 φρυγὲντες
991 1884 1045 1888 -

276 1916 389 1960 faba
419 1916 566 1960 fressa
597 1916 689 1960 Ed.
722 1916 906 1972 Diaei),
942 1916 1047 1960 fava

276 1975 426 2019 fracta
458 1979 526 2018 74.

251 2033 376 2078 facit
407 2035 480 2089 (=
513 2034 733 2089 convenit)
768 2038 838 2078 70.

252 2092 442 2138 factus:
477 2106 566 2137 ova
584 2092 698 2137 dura
714 2093 840 2137 facia
857 2098 928 2149 36,
953 2107 1045 2137 sor-

277 2151 393 2195 bilia
430 2151 559 2195 facta
589 2157 668 2205 36,
707 2151 906 2207 pectinis
938 2152 1049 2196 elixi

277 2210 392 2254 facti
423 2214 495 2265 48,
528 2209 727 2266 capriabi
757 2209 871 2254 facti
902 2215 971 2253 23.

250 2268 458 2313 fartalia
504 2269 579 2323 (cf.
642 2268 912 2313 Vocabular.
968 2270 1049 2313 lat.

278 2341 411 2383 yerm.
445 2328 539 2371 cod.
582 2327 718 2372 Virid.
752 2331 839 2371 804
871 2328 927 2372 ol.
962 2332 1047 2371 460

279 2385 467 2429 fartalia
513 2386 589 2430 vel
641 2386 819 2442 passella
863 2386 1047 2442 phanne

279 2444 549 2500 Hoffmann,
582 2444 865 2489 Sumerlaten
882 2459 931 2501 p.
951 2447 1046 2499 42):

279 2502 479 2546 laridum
502 2516 612 2547 vero
644 2502 693 2546 in
724 2503 911 2547 farbalia
941 2503 1049 2547 mis-

282 2576 382 2604 sum
414 2567 484 2606 20.

252 2619 478 2664 fasianus
493 2621 652 2676 pastus
665 2621 723 2676 (et
736 2633 870 2664 anser
887 2621 1048 2676 pastus

281 2679 337 2732 cf.
372 2679 464 2723 Ed.
496 2679 666 2735 Diocl.)
698 2685 767 2723 22.

254 2736 505 2781 fasianina
536 2751 624 2781 ova
655 2743 724 2781 37.

253 2795 489 2840 fasiolum
514 2795 739 2852 (fasiolus,
764 2795 818 2838 -li
838 2795 930 2850 Or.,
955 2795 1046 2840 Ed.

283 2855 343 2898 D.
377 2855 543 2900 faseoli
573 2855 668 2912 Al.)
702 2860 769 2900 69.
830 2873 840 2880 ·

1131 270 1277 314 fenea
1287 271 1403 326 qoth.
1422 291 1477 307 ==
1483 272 1671 327 polenta
1686 271 1761 326 (cf.
1772 271 1926 315 wisdil

1159 330 1274 384 yoth.
1295 349 1350 364 =
1367 330 1498 373 isatis
1517 330 1593 373 Or.
1609 330 1686 385 V1,
1708 335 1802 373 131.
1826 335 1925 375 142.

1164 391 1261 431 153.
1286 391 1386 431 481.
1419 388 1589 432 Aneccl.
1621 388 1677 443 II,
1709 393 1778 433 45.
1806 390 1924 445 107).

1132 445 1366 490 ficetulae
1384 445 1603 502 (ficissulae
1617 446 1705 490 GA
1722 449 1778 501 ef.
1796 449 1925 504 91088.

1163 505 1180 548 l
1209 504 1429 548 ficedulas
1460 504 1490 548 i.
1522 504 1719 561 meisun)
1752 511 1822 551 31.

1133 563 1259 607 ficus
1271 576 1387 607 nom.
1394 565 1461 619 pl.
1477 564 1551 619 (cf.
1565 564 1661 608 ind.
1675 577 1732 608 m.
1750 565 1823 609 Pl.
1826 566 1926 621 )87.

1131 621 1273 667 focus
1307 622 1527 678 (fiioco=
1547 623 1670 679 iynis
1700 624 1819 679 quod
1838 637 1928 679 pro

1160 682 1277 725 sexti
1292 683 1462 725 saeculi
1491 682 1627 738 siy‘no
1645 686 1721 738 est,
1749 681 1926 726 Oribas.

1162 740 1240 785 lat.
1274 743 1374 784 ete:
1424 740 1553 785 lento
1595 740 1698 785 foco
1732 754 1928 797 coquere

1161 798 1300 843 Anth.
1335 820 1390 835 =
1421 799 1549 843 lento
1589 798 1699 856 igne
1731 813 1927 855 coquere

1163 857 1298 914 Apio.
1329 858 1462 902 Aleae.
1496 879 1551 895 =
1584 858 1643 902 ad
1673 859 1827 902 lenem
1858 859 1925 902 fo-

1164 931 1269 961 cum
1301 913 1381 960 δια
1414 917 1625 974 μαλακοῦ
1659 913 1806 973 πυρὸς
1834 916 1930 971 Or.)

1161 976 1419 1032 saepissime
1449 977 1562 1032 (prs.
1587 981 1627 1020 3.
1645 980 1686 1020 4.
1704 981 1744 1021 8.
1774 981 1840 1020 11.
1860 981 1928 1020 14.

1163 1039 1232 1080 23.
1267 1038 1336 1078 35.
1372 1036 1460 1091 67).

1133 1092 1313 1137 folium
1345 1095 1419 1148 (sc.
1451 1093 1603 1150 nardi)
1639 1099 1706 1137 13.

1135 1151 1318 1196 Franci
1352 1157 1419 1196 14.

1135 1210 1373 1265 frangere
1406 1212 1576 1267 (intr.):
1609 1211 1794 1267 quando
1818 1210 1930 1255 inci-

1163 1268 1235 1324 pit
1270 1269 1483 1326 frangere
1531 1270 1702 1326 (frangi
1724 1284 1762 1326 p
1791 1271 1930 1327 solus)

1164 1342 1360 1384 granum
1393 1330 1545 1385 (milii)
1579 1334 1647 1372 71.

1137 1387 1355 1431 frictura
1387 1387 1507 1444 (GA,
1549 1387 1725 1432 frixura
1765 1388 1828 1444 B)
1863 1392 1930 1431 14.

1137 1504 1315 1559 gavata
1361 1506 1444 1561 (sic
1487 1505 1607 1548 Isid.
1651 1509 1722 1559 20,
1768 1508 1811 1560 4,
1857 1509 1931 1548 11:

1165 1564 1296 1618 παρῇ
1340 1565 1422 1618 cfr.
1465 1563 1695 1608 Sirmorid.
1737 1567 1828 1607 not.
1870 1565 1932 1608 ad

1165 1622 1353 1666 Ermod.
1379 1637 1428 1679 p.
1445 1628 1514 1667 90.
1546 1623 1662 1666 Diez
1677 1622 1759 1666 Gr.
1791 1623 1826 1678 I,
1863 1627 1928 1667 14.

1165 1695 1299 1737 yerm.
1339 1682 1510 1738 gebeta
1541 1681 1684 1736 Graff
1714 1681 1793 1736 IV,
1828 1683 1930 1737 126)

1138 1798 1372 1853 gingiber
1385 1798 1536 1854 (Apio.
1552 1803 1628 1843 etc.
1646 1820 1701 1835 =
1718 1798 1932 1855 zinyiber‚

1170 1858 1248 1902 Or.
1280 1856 1495 1913 zinziber)
1531 1863 1597 1901 13.

1140 1916 1290 1961 Gothi
1315 1921 1386 1960 64.

1138 1975 1379 2045 gremiale
1411 1975 1587 2048 (oleum
1607 1975 1658 2019 id
1681 1978 1744 2019 est
1776 1971 1933 2018 ἔλαιον

1167 2030 1281 2105 πρὸς
1327 2031 1413 2090 τὴν
1461 2031 1512 2077 ἐν
1563 2028 1721 2093 ὑγιεία
1773 2032 1934 2104 χρῆσιν

1167 2089 1357 2163 α’ριστον
1404 2087 1455 2136 τὸ
1497 2077 1748 2150 ωμοτριβὲς
1787 2087 1813 2135 ὃ
1854 2091 1935 2135 καὶ

1168 2147 1810 2254 {ssffi’l‘gss'ss'ugffgffissfgffl
1808 2150 1933 2252 (1ιὲἓέ

1168 2269 1355 2324 interpr.
1398 2273 1479 2312 vet.
1525 2267 1601 2311 Or.
1635 2267 1711 2323 VI,
1744 2272 1827 2311 467
1867 2268 1934 2311 vel

1167 2326 1316 2371 viride
1340 2325 1475 2380 Apic.
1498 2330 1569 2381 57,
1595 2326 1678 2371 Th.
1703 2326 1849 2370 Prisc.
1875 2326 1932 2379 cf.

1167 2385 1355 2429 Hermes
1368 2385 1492 2441 VIII,
1510 2390 1565 2428 43
1587 2385 1795 2428 Paucker
1811 2385 1932 2428 Add.
1983 2403 1985 2406 ·

1168 2445 1340 2488 lex.lat.
1351 2443 1534 2499 Dorpat
1546 2448 1657 2488 1872
1669 2457 1718 2499 p.
1733 2447 1800 2486 17.
1815 2444 1935 2498 quod

1170 2502 1495 2559 ‚‚Sep1:embrio
1564 2503 1646 2546 aut
1715 2501 1933 2545 Ocizobrio

1168 2575 1325 2605 mense
1357 2561 1561 2605 factum“
1593 2564 1644 2604 ut
1675 2562 1742 2604 ait
1762 2560 1837 2604 Or.
1855 2560 1933 2614 VI,

1170 2625 1254 2663 227
1280 2640 1334 2656 =
1368 2619 1688 2676 „octobrinum
1720 2619 1872 2662 oleum
1896 2633 1928 2662 s.

1169 2693 1376 2722 amarum
1397 2679 1520 2734 quod
1550 2677 1700 2734 primo
1723 2678 1934 2733 tempore

1168 2737 1222 2780 fit
1260 2738 1307 2780 et
1352 2738 1524 2794 accipit:
1568 2736 1682 2781 folia
1724 2736 1846 2780 olive
1883 2736 1936 2779 ut

1170 2795 1231 2839 sib
1269 2798 1512 2840 amarum“
1555 2796 1687 2840 Alex.
1719 2796 1753 2851 Ι,
1786 2799 1843 2838 40
1876 2814 1931 2829 =

1170 2860 1211 2910 2,
1245 2858 1342 2900 245.
1376 2856 1438 2900 ad
1460 2854 1570 2901 Sim.
1598 2854 1711 2900 Jan.
1736 2866 1769 2898 s.
1809 2866 1932 2898 omo-
