2060 3294
820 189 1173 240 —17--

267 325 381 387 napi
419 322 536 372 boni
576 329 705 371 sunt.
769 322 882 371 elixi
914 323 966 370 in
991 321 1090 370 sale
1124 328 1173 370 et
1205 321 1312 370 oleo
1339 312 1713 388 manducentur,
1737 324 1839 372 sive

155 411 269 445 cum
309 395 539 445 carnibus
578 395 654 445 vel
692 395 846 444 larido
888 397 1038 461 cocti,
1087 397 1154 444 ita
1201 401 1257 444 ut
1296 401 1489 443 acetum
1534 410 1624 459 pro
1665 408 1840 462 sapore
1906 418 1968 443 -c-

154 471 206 518 in
246 476 446 518 coctura
486 469 724 518 mittatur.

62 549 126 595 53
244 544 543 606 pastinacae
583 542 740 590 bonae
781 548 897 590 sunt
935 540 1060 589 bene
1094 541 1248 590 elixae
1281 548 1331 590 et
1365 548 1624 590 comestae.
1683 513 1842 591 3113111

154 617 330 673 minas
365 622 650 680 provocant
713 617 753 664 si
794 617 926 663 enim
964 615 1118 663 frixae
1159 613 1503 680 comeduntur,
1543 616 1756 679 primum
1788 617 1902 666 1115
1945 633 1954 654 :-

156 688 708 752 caldapraedurentur.
864 693 866 695 ’
1482 692 1484 694 ’
1572 703 1574 705 ·
1835 680 1842 686 ’

63 762 128 809 54
267 764 489 826 asparagi
527 777 644 810 vero
685 763 803 810 satis
843 761 959 809 boni
1000 767 1115 809 sunt
1155 767 1203 808 et
1235 759 1493 809 domestici
1518 769 1567 810 et
1606 767 1842 827 agresteS,

155 842 205 884 et
243 837 412 884 urinas
450 842 734 900 provocant,
788 836 831 883 si
880 836 931 882 in
979 833 1114 882 calda
1162 833 1358 882 illorum
1409 836 1505 898 apii
1556 834 1719 883 radice
1760 835 1875 900 ads

154 910 304 956 mixta
343 907 419 956 vel
459 907 660 957 feniculi
700 907 878 974 radice,
919 907 1166 955 coriandri
1190 906 1383 955 modico
1410 902 1468 955 ad
1494 907 1663 956 horam
1689 909 1840 957 misso

156 981 231 1029 vel
270 989 477 1041 mentae,
519 997 631 1030 cum
663 983 775 1030 vino
808 983 912 1045 ipsa
946 979 1080 1029 calda
1112 979 1323 1028 bibatur.
1387 987 1436 1029 et
1468 982 1690 1045 asparagi
1722 996 1837 1030 vero
1873 991 1928 1032 10

154 1069 253 1102 non
293 1054 475 1103 debent
514 1056 721 1114 nimium
761 1055 946 1103 elixari.
1009 1069 1122 1102 nam
1161 1053 1372 1117 perdent
1410 1055 1645 1109 virtutem
1684 1061 1734 1103 et
1766 1069 1839 1103 33-

154 1143 342 1193 porem,
382 1129 478 1176 nisi
516 1129 748 1176 fortiores
788 1129 900 1176 sint.
942 1133 1007 1176 ’31
1045 1129 1095 1175 111
1136 1126 1235 1175 3313
1276 1134 1326 1175 31
1365 1126 1472 1175 0130
1505 1127 1840 1177 comedantur.

63 1204 125 1249 55
266 1203 430 1265 apium
470 1216 585 1249 vero
635 1200 950 1249 coriandrum
997 1207 1046 1249 et
1096 1207 1301 1249 anetum
1342 1200 1421 1248 ¹vel
1470 1199 1734 1264 'porriones
1790 1203 1841 1249 in

153 1275 288 1322 omni
327 1273 551 1323 ciborum
591 1282 793 1323 coctura
833 1276 1127 1338 miscentur,
1181 1276 1249 1321 ita
1296 1280 1350 1322 ut
1396 1275 1545 1337 porri·
1591 1274 1841 1323 modicum

152 1346 531 1411 praedurentur.
1436 1399 1438 1401 ,
1879 1356 1930 1396 15

62 1422 126 1467 56
266 1419 551 1470 cucurbitae
595 1435 709 1468 vero
749 1421 928 1468 rariter
967 1402 1378 1485 praesumendae‚
1433 1421 1546 1483 quia
1602 1426 1651 1469 et
1704 1422 1837 1485 ipsae

153 1493 357 1557 fnigidae
397 1500 535 1559 sunt,
586 1495 680 1542 nisi
728 1495 859 1541 sanis
906 1492 1201 1542 hominibus
1279 1499 1442 1541 tamen
1483 1493 1612 1557 apud
1660 1509 1749 1542 nos
1791 1501 1840 1543 et

154 1566 547 1615 febricitantibus
586 1568 768 1631 iugiter
808 1568 913 1615 31113
954 1567 1136 1630 frigore
1162 1567 1429 1614 offerimus.
1485 1566 1719 1615 delicatae
1756 1582 1840 1616 cu·
1923 1561 1958 1618 ἔ*

153 1639 375 1689 curbitae
416 1639 567 1688 elixae
607 1639 733 1688 bene
773 1641 824 1688 in
865 1639 962 1688 sale
1003 1646 1053 1688 et
1092 1639 1200 1688 oleo
1235 1646 1479 1688 comestae
1520 1640 1579 1688 ad
1621 1646 1839 1689 contem-

154 1712 394 1777 perandas
434 1712 598 1762 febres
637 1715 839 1762 faciunt.
1871 1722 1928 1762 20

62 1789 122 1834 57
266 1801 557 1835 cucumeres
598 1788 728 1834 enim
769 1788 862 1834 etsi
899 1785 979 1834 hic
1018 1801 1117 1834 non
1158 1793 1287 1851 sunt,
1319 1792 1482 1834 tamen
1509 1786 1704 1862 1]Ψο
1735 1780 1938 1852 fue-1

154 1861 270 1924 rint,
310 1874 423 1907 cum
463 1861 650 1908 semine
682 1859 878 1907 illorum
905 1859 1035 1943 quod
1068 1861 1202 1907 intus
1227 1866 1303 1907 est
1328 1859 1665 1908 manducetur.
1722 1874 1837 1909 con-

154 1947 334 1996 gruum
374 1939 450 1982 est
487 1940 743 1996 praetelea
782 1932 841 1980 ad
881 1934 1075 1980 renium
1117 1934 1251 1997 vitia,
1299 1934 1428 1981 sicut
1473 1939 1523 1981 et
1570 1947 1739 1982 semen
1779 1933 1838 1982 de

155 2021 419 2054 cucumere
466 2007 517 2053 in
563 2005 808 2070 aliquibus
864 2005 1258 2054 confectionibus
1313 2021 1404 2070 pro
1459 2007 1654 2054 renium
1707 2008 1839 2055 vitiis

152 2080 408 2127 iusserunt
446 2085 674 2128 auctores
713 2081 854 2141 mitti.
1872 2088 1929 2127 25

62 2147 126 2191 58
265 2151 486 2200 melones
526 2167 640 2200 vero
681 2153 723 2200 si
762 2151 888 2200 bene
939 2153 1119 2200 maturi
1166 2152 1373 2216 fuerint,
1429 2157 1478 2200 et
1517 2153 1738 2216 ipsorum
1778 2152 1837 2201 ab

151 2226 286 2273 intus
326 2226 533 2274 maxime
574 2240 688 2274 cum
727 2227 913 2273 semine
955 2224 1083 2288 quod
1137 2231 1212 2272 est
1258 2225 1491 2290 mixtum,
1548 2225 1722 2274 melius
1763 2233 1840 2274 est

153 2313 301 2361 quam
340 2299 382 2346 si
419 2313 601 2362 purum
641 2298 979 2347 manducetur.
1033 2309 1147 2346 nam
1181 2298 1222 2346 si
1244 2312 1412 2363 pusca,
1451 2305 1507 2348 ut
1530 2297 1611 2347 alii
1635 2298 1838 2365 faciunt,

153 2378 203 2418 et
242 2370 405 2434 puleio
446 2371 658 2420 admixto
707 2374 776 2420 sic
829 2371 1172 2436 comedantur,
1227 2372 1358 2419 sanis
1406 2373 1648 2421 convenit.
1725 2386 1838 2420 nam

153 2445 239 2507 qui
278 2445 392 2491 vitia
430 2445 626 2492 renium
663 2444 845 2493 habent
884 2444 961 2492 vel
998 2446 1229 2510 vessicae,
1273 2459 1368 2492 11011
1402 2447 1630 2493 convenit
1668 2459 1837 2510 pusca,
1868 2455 1927 2494 30

154 2517 267 2579 quia
306 2517 562 2565 inimicum
610 2525 685 2566 est
725 2519 839 2566 satis
892 2524 1084 2566 acetum
1126 2516 1334 2566 crudum
1374 2516 1579 2566 renibus
1631 2525 1681 2567 et
1729 2533 1835 2567 ves-

154 2591 298 2654 sicae,
339 2597 387 2638 et
425 2589 649 2653 hepatico
690 2605 788 2639 non
829 2590 1038 2655 expedit.
1811 2583 1813 2586 ’

63 2658 126 2702 59
268 2629 519 2727 31111111033
559 2662 693 2734 olera
731 2663 859 2712 bona
899 2670 1014 2712 sunt
1054 2670 1103 2712 et
1142 2665 1274 2712 sanis
1313 2670 1363 2712 et
1401 2664 1623 2713 infirmis.

63 2733 127 2778 60
266 2735 456 2784 radices
496 2751 612 2784 vero
652 2738 783 2786 331113
815 2736 892 2785 vel
915 2736 1202 2802 flegmaticis
1242 2743 1381 2801 aptae
1422 2744 1551 2803 sunt,
1591 2744 1754 2786 tamen
1780 2744 1835 2787 111
1887 2772 1889 2775 -

154 2820 192 2856 V
232 2813 316 2856 aut
341 2807 548 2872 amplius
573 2808 678 2858 dies
717 2809 949 2859 collectae
997 2816 1259 2859 maturent.
1316 2824 1428 2859 nam
1468 2811 1510 2858 si
1557 2810 1616 2859 ad
1661 2810 1833 2860 horam
1866 2800 1925 2860 35

155 2880 387 2930 collectae
427 2881 627 2947 fuerint,
666 2897 865 2946 gravare
908 2883 1080 2932 solent.

242 2985 357 3027 Bou,
381 2985 598 3020 Anthimus.
1454 2985 1478 3023 2
