2060 3294
144 979 197 1018 10

143 1343 197 1382 15

144 1710 200 1750 20

147 2077 202 2116 25

148 2445 204 2484 30

152 2811 206 2850 35

886 183 1247 234 —14-

229 331 342 365 nam
369 314 541 380 <non>
573 331 723 365 assae.
774 323 1032 380 practerea
1055 316 1150 364 illis
1182 331 1429 380 congruae
1465 324 1581 366 sunt
1605 313 1700 382 qui'
1720 318 1907 368 fluxum

229 392 416 438 ventris
456 391 713 454 patiuntur
744 389 821 437 vel
860 389 1197 455 disentericiS,
1246 397 1301 438 ut
1352 390 1504 439 elixae
1543 390 1669 440 bene
1722 394 1821 441 sint
1858 394 1909 440 in

230 478 354 526 aqua
392 478 518 527 pura
557 464 662 511 sine
703 462 802 511 ulla
834 462 1106 511 conditura.
1177 470 1226 512 et
1258 465 1300 511 si
1331 469 1496 527 potest
1526 463 1648 530 fieri,
1686 479 1778 514 nec
1811 465 1910 514 sale

230 535 523 584 mittendum
562 550 654 584 nec
693 534 872 600 oleum,
909 537 1007 583 nisi
1047 549 1200 584 unum
1239 536 1528 585 fasciculum
1549 537 1612 585 de
1637 538 1910 604 coriandr0‚

231 616 281 657 et
318 616 598 692 coquantur
628 623 749 657 cum
787 610 909 672 ipso.
969 614 1145 672 pectus
1183 614 1373 657 tantum
1413 604 1714 676 comedatur,
1752 613 1794 659 si
1826 626 1912 675 po-

228 685 381 731 tuerit
420 684 525 730 sine
567 681 680 748 sale,
719 683 796 730 sin
827 696 961 747 vero,
997 683 1270 745 intingatur
1307 683 1360 730 in
1399 683 1513 732 sale

340 754 554 804 columbi
593 761 812 819 agrestes
845 769 944 803 non
968 761 1086 803 sunt
1118 756 1338 818 congrui.
1375 755 1462 804 de
1486 756 1769 805 domesticis
1793 772 1909 806 vero
1933 766 1997 811 29

230 827 468 877 columbis
506 829 733 892 pipiones
770 829 994 892 ipsorum
1032 829 1133 892 apti
1172 835 1221 876 et
1251 827 1369 876 boni
1394 838 1443 877 et
1474 831 1605 878 sanis
1631 837 1680 878 et
1703 830 1911 879 infirmis

230 909 279 950 et
329 904 457 950 cocti
500 908 552 950 et
596 902 744 949 assati
797 902 1019 949 maxime.
1097 916 1210 949 cum
1261 907 1502 966 assantur,
1553 903 1613 951 de
1661 902 1909 952 salimuria

229 974 338 1023 lene
371 982 647 1038 tangantur.
710 973 770 1022 de
802 973 1087 1038 passeribus
1113 976 1198 1037 qui
1228 976 1279 1022 in
1304 974 1577 1038 parietibus
1600 977 1906 1043 nutriuntur,
1930 985 1995 1030 30

228 1047 388 1112 pullos
425 1050 647 1112 ipsorum
686 1046 812 1096 hene
846 1061 982 1096 assos
1029 1054 1113 1096 aut
1144 1047 1297 1096 elixos
1329 1063 1647 1112 praesumere
1686 1047 1907 1114 <bonum

230 1118 352 1184 est).
392 1120 616 1170 ficetulae
653 1128 703 1169 et
731 1122 867 1184 ipsae
899 1120 1056 1169 bonae
1082 1127 1132 1169 et
1168 1128 1307 1184 aptae
1333 1128 1462 1170 sunt.
1501 1121 1578 1170 vel
1610 1122 1700 1170 alia
1724 1137 1905 1186 genera
1933 1123 1994 1168 31

229 1193 529 1252 aucellarum
568 1208 692 1257 quae
733 1193 865 1242 albas
890 1208 1064 1242 carnes
1086 1193 1269 1242 habent
1291 1201 1683 1258 praesumantur.
1739 1202 1906 1245 anates
1930 1197 1991 1242 32

231 1275 280 1316 et
329 1269 462 1331 ipsae
517 1268 793 1316 teneriores
848 1274 976 1315 sunt.
1053 1267 1304 1315 interdum
1342 1272 1687 1332 praesumatur
1731 1273 1908 1333 pectus

228 1340 435 1389 illarum.
513 1342 614 1388 avis
653 1355 777 1404 quae
818 1339 999 1388 dicitur
1037 1340 1175 1388 tarda
1213 1339 1339 1388 bona
1378 1347 1479 1407 est,
1526 1341 1612 1389 sed
1662 1349 1782 1406 puto
1828 1341 1908 1390 hic
1937 1353 2001 1397 33

231 1429 329 1462 non
368 1413 552 1462 haberi.

341 1486 541 1535 Isicium
581 1501 697 1534 vero
739 1486 869 1550 quod
910 1487 969 1536 de
1017 1485 1208 1550 gallinis
1259 1486 1335 1534 vel
1381 1486 1528 1550 pullis
1568 1487 1644 1553 fit,
1690 1489 1912 1537 tenerius

231 1562 386 1624 magis
425 1561 509 1608 fiat
533 1574 686 1623 ‘quam
726 1559 913 1625 durius,
951 1566 1008 1608 ut
1046 1559 1107 1607 de
1147 1574 1236 1607 ovo
1276 1559 1387 1623 plus
1420 1561 1655 1608 mittatur.
1724 1575 1838 1609 nam
1871 1562 1912 1609 si

232 1633 405 1682 durius
444 1633 609 1698 fuerit,
648 1647 747 1681 non
782 1632 1039 1698 digeritur,
1090 1633 1175 1681 sed
1222 1632 1553 1696 corruptelam
1598 1635 1784 1682 ventris
1831 1649 1911 1698 ge-

233 1713 386 1755 nerat.
465 1708 506 1754 si
553 1712 718 1754 autem
763 1707 985 1754 tenerius
1031 1706 1204 1771 fuerit,
1267 1713 1315 1754 et
1368 1705 1495 1754 bene
1558 1707 1817 1755 conficitur
1863 1713 1912 1755 et

231 1779 388 1828 bonos
426 1779 660 1828 humores
699 1786 914 1842 generat.

344 1853 573 1901 Afrutum
612 1867 787 1916 graece
827 1851 957 1915 quod
996 1851 1142 1900 latine
1184 1851 1364 1900 dicitur
1389 1867 1663 1918 spumeum,
1695 1852 1827 1916 quod
1852 1852 1911 1900 de
1939 1849 2005 1894 34

232 1925 365 1990 pullo
405 1926 460 1974 fit
506 1933 556 1974 et
602 1925 662 1973 de
710 1924 956 1973 albumine
1005 1925 1063 1973 de
1111 1939 1216 1973 ovo.
1294 1924 1380 1972 sed
1428 1925 1636 1974 multum
1684 1925 1912 1974 albumen

237 2013 442 2047 ovorum
479 2001 730 2062 mittatur,
769 2000 835 2046 ita
874 2004 931 2046 ut
969 1998 1215 2061 quomodo
1241 2012 1412 2061 spuma
1445 2000 1515 2046 sic
1541 1998 1765 2047 deveniat
1789 2013 1912 2062 opus

235 2071 379 2136 ipsud
420 2072 594 2137 afruti,
643 2071 773 2134 quod
808 2071 1022 2134 desuper
1053 2070 1258 2118 iuscello
1305 2071 1432 2118 sacto
1483 2078 1533 2119 et
1572 2085 1815 2135 oenogaro
1862 2073 1913 2119 in

237 2152 404 2209 gavata
444 2152 766 2208 componatur
807 2144 1052 2207 quomodo
1092 2143 1404 2192 monticulus.
1467 2150 1516 2191 et
1542 2146 1611 2192 sic
1637 2151 1804 2208 gavata
1828 2158 1912 2207 po-

235 2219 370 2266 nitur
409 2220 464 2265 in
508 2217 747 2265 carbones
788 2224 836 2265 et
886 2218 957 2264 sic
1004 2232 1183 2280 vapore
1229 2218 1384 2280 ipsius
1438 2217 1628 2265 inscelli
1673 2224 1914 2280 coquatur

235 2291 379 2354 ipsud
420 2291 650 2339 asrutum.
714 2297 763 2338 et
813 2292 883 2338 sic
930 2291 1134 2353 ponitur
1183 2290 1234 2337 in
1273 2288 1434 2337 medio
1473 2291 1700 2337 missorio
1748 2296 1915 2354 gavata

236 2366 341 2427 ipsa
379 2370 430 2412 et
469 2363 846 2426 superfunditur
877 2362 1126 2411 modicum
1157 2376 1347 2410 merum
1387 2368 1438 2410 et
1468 2362 1579 2427 mel,
1619 2369 1668 2411 et
1708 2365 1777 2410 sic
1803 2378 1914 2411 cum

238 2436 448 2484 cocleari
479 2436 555 2484 vel
594 2435 783 2484 novella
822 2444 992 2484 tenera
1032 2434 1368 2483 manducatur.
1431 2441 1595 2483 tamen
1628 2435 1841 2484 solemus
1866 2442 1916 2483 et

237 2509 296 2557 de
337 2511 471 2573 pisce
511 2509 641 2557 bono
680 2511 730 2557 in
770 2510 876 2572 ipso
917 2523 1066 2571 opere
1107 2508 1376 2556 admiscere
1403 2515 1487 2556 ant
1518 2515 1652 2556 certe
1678 2508 1737 2557 de
1761 2509 1914 2572 pecti-

238 2581 383 2630 nibus
422 2583 638 2646 marinis‚
679 2583 791 2645 quia
832 2589 880 2629 et
919 2583 1013 2645 ipsi
1052 2582 1224 2644 optimi
1265 2587 1380 2628 sunt
1421 2588 1469 2629 et
1508 2583 1625 2629 satis
1665 2581 1791 2645 apud
1825 2595 1915 2628 nos

238 2654 500 2703 abundant.
571 2662 621 2702 et
659 2654 718 2702 de
759 2656 879 2718 ipsis
910 2655 1049 2717 puris
1073 2653 1353 2717 pectinibus
1389 2654 1508 2702 fient
1540 2655 1698 2702 sferae
1730 2655 1914 2702 niveae.

350 2727 419 2776 De
459 2730 587 2775 ovis
626 2727 915 2791 gallinarum
957 2732 1193 2790 quantum
1234 2726 1344 2790 plus
1385 2729 1495 2790 quis
1527 2727 1739 2775 voluerit
1775 2741 1914 2791 prae·
1937 2729 2001 2773 35

241 2809 414 2867 sumat,
454 2800 652 2848 sorbilia
692 2807 869 2865 tamen,
909 2807 958 2847 et
998 2799 1094 2847 sale
1135 2799 1381 2848 modicum
1422 2799 1728 2848 mittendum.
1785 2806 1833 2847 et
1873 2800 1914 2846 si

238 2875 433 2922 ieiunus
474 2875 584 2936 quis
624 2874 829 2937 accipiat
868 2879 1047 2936 quanta
1084 2874 1316 2937 potuerit,
1356 2873 1414 2920 ad
1456 2875 1685 2921 virtutem
1722 2872 1915 2935 proficit

1061 2995 1077 3019 k
