2060 3294
876 186 1231 238 -20—

217 326 268 369 et
306 321 357 368 in
397 318 647 368 stomacho
688 326 737 368 et
775 318 900 368 solet
949 322 1162 383 graviter
1201 319 1408 369 laedere.
1485 322 1528 369 si
1571 327 1736 370 tamen
1777 336 1894 384 quo·

216 393 359 441 modo
400 392 662 457 mulgetur,
713 399 884 441 contra
923 391 1134 442 calidum
1173 392 1383 442 bibitum
1422 394 1586 459 fuerit,
1625 395 1694 442 sic
1734 393 1897 443 taliter

216 481 315 514 non
356 473 515 515 nocet.
583 473 747 514 tamen
788 473 837 514 et
875 467 1053 532 ipsum,
1092 468 1134 514 si
1165 467 1432 515 admixtum
1472 468 1622 515 suerit
1659 467 1756 516 mel
1794 483 1895 516 mo-

216 539 379 588 dicum
420 546 504 587 aut
534 540 716 603 vinum,
756 538 932 587 melius
972 541 1226 603 accipitui.
1267 547 1316 588 et
1356 541 1397 587 si
1429 541 1620 588 cautius
1652 539 1754 589 vult
1786 542 1896 604 quis

157 623 183 662 5
218 613 395 677 facere,
439 618 488 660 et
526 614 576 660 in
530 614 893 695 piaesentia
932 627 1020 660 sua
1060 619 1143 661 aut
1181 627 1324 661 vacca
1365 619 1449 660 aut
1488 627 1631 677 capra
1672 619 1756 662 aut
1795 616 1897 662 ovis

215 685 514 751 mulgeatur,
530 674 642 734 lta
683 682 742 734 ut
779 700 863 732 vas
911 684 980 734 illi
1027 685 1174 734 fictile
1215 687 1278 734 sit
1332 692 1381 734 et
1427 684 1552 734 bene
1602 686 1897 751 excaldetur,

215 766 270 808 ut
316 757 560 822 quomodo
611 758 858 822 mulgetur
915 773 1012 806 non
1066 759 1390 822 refrigeretur
1443 758 1529 807 sed
1577 758 1786 808 calidum
1826 758 1897 807 bi-

215 831 375 881 batur.
415 839 670 896 praeterea
704 838 753 880 et
790 831 1015 895 pthisicis
1056 833 1126 879 sic
1166 832 1362 896 expedit
1400 833 1467 880 ita
1505 832 1621 880 dum
1654 832 1778 881 calet
1809 847 1898 881 seu

214 906 471 953 vaccinum
503 919 591 953 seu
618 906 874 968 caprinum
907 904 979 953 lac
1005 907 1046 953 si
1071 904 1278 954 bibatur.
1319 912 1369 953 et
1393 907 1556 954 statim
1590 907 1819 970 supinum
1845 920 1898 953 se

129 991 182 1030 10
215 972 364 1043 ponat
403 984 458 1026 ut
497 977 683 1026 diutius
723 979 854 1025 circa
894 977 1153 1041 pulmones
1193 985 1428 1042 operetur
1453 992 1566 1027 cum
1605 978 1746 1027 melle
1779 980 1898 1027 mix·

215 1059 321 1100 tum
361 1059 410 1099 et
449 1050 753 1099 calefactum.
794 1051 864 1099 sic
904 1050 1080 1099 melius
1119 1053 1265 1100 iuvat.

327 1139 554 1187 similiter
594 1145 643 1187 et
693 1138 753 1186 de
804 1138 971 1186 butiro
1011 1146 1210 1187 recente
1259 1141 1301 1187 si
1339 1141 1585 1203 acceperit
1634 1139 1890 1204 pthisicus.
1927 1148 1983 1192 77

215 1212 302 1261 sed
341 1212 562 1260 butirum
600 1213 764 1275 ipsum
803 1226 894 1259 nec
935 1211 1033 1260 sale
1072 1213 1270 1276 penitus
1309 1227 1410 1260 non
1448 1212 1637 1261 habeat.
1706 1227 1818 1261 nam
1857 1214 1900 1261 si

214 1285 442 1334 habuerit
481 1284 595 1351 sale,
634 1286 775 1348 peius
814 1286 1120 1334 exterminat.
1161 1287 1203 1334 si
1240 1300 1366 1349 puro
1407 1292 1456 1333 et
1494 1287 1684 1334 recenti
1722 1292 1772 1334 et
1803 1285 1900 1334 mel

130 1372 183 1411 15
216 1359 464 1407 modicum
504 1358 773 1406 admixtum
813 1359 984 1423 suerit,
1038 1360 1108 1406 sic
1146 1357 1297 1422 lingat
1344 1359 1700 1407 catamodicum
1730 1366 1779 1407 et
1818 1373 1898 1407 su-

214 1434 386 1497 pinum
428 1447 479 1480 se
521 1438 682 1495 ponat.
760 1439 923 1479 tamen
964 1431 1022 1479 de
1062 1430 1285 1495 pthisicis
1326 1431 1536 1480 diximus
1578 1447 1685 1480 esse
1733 1438 1900 1496 aptum

217 1520 341 1569 quos
381 1520 480 1553 non
519 1504 666 1568 longo
706 1510 927 1568 tempore
969 1503 1240 1552 obtinuerit
1279 1519 1437 1553 causa.
1500 1520 1612 1552 nam
1652 1507 1694 1553 si
1732 1504 1898 1553 vulne-

214 1586 352 1627 ratus
405 1579 556 1626 suerit
605 1577 773 1642 pulmo
815 1584 863 1625 et
901 1577 1165 1641 purulenta
1205 1586 1458 1644 excreant,
1508 1593 1600 1626 nec
1651 1578 1745 1647 illis
1785 1592 1899 1626 con-

215 1666 408 1716 gruum.

127 1755 183 1794 20
328 1739 525 1804 oxygala
581 1753 696 1787 vero
748 1752 922 1802 graece
985 1737 1114 1801 quod
1165 1737 1314 1786 latine
1370 1746 1545 1787 vocant
1592 1737 1746 1786 melca
1807 1738 1900 1795 <id
1927 1750 1988 1794 78

217 1820 294 1862 est
332 1813 449 1871 lac>
490 1812 621 1876 quod
670 1812 955 1875 acetaverit,
1018 1817 1245 1859 auctores
1300 1810 1471 1860 dicunt
1511 1813 1641 1860 sanis
1691 1810 1898 1860 homini-

215 1886 309 1935 bus
342 1902 450 1934 esse
492 1893 674 1950 aptum,
715 1886 828 1948 quia
867 1898 966 1931 non
1007 1883 1293 1947 coagulatur
1331 1885 1382 1933 in
1421 1892 1607 1933 ventre.
1648 1891 1811 1933 tamen
1851 1891 1901 1933 et

215 1959 359 2023 ipsud
402 1966 485 2008 aut
523 1957 667 2007 melle
708 1957 920 2006 admixto
961 1963 1045 2005 aut
1084 1957 1292 2035 ψιέἕῐέἃᾷρἱ
1329 1957 1479 2006 fuerit
1518 1957 1625 2006 oleo
1665 1957 1900 2021 gremiali.

328 2076 540 2126 caseum,
573 2067 810 2124 quantum
843 2059 1028 2123 dicunt,
1067 2073 1166 2107 non
1198 2058 1354 2108 solum
1387 2059 1608 2108 infirmos
1641 2058 1727 2107 sed
1757 2074 1900 2107 sanos
1928 2071 1988 2116 79

129 2149 184 2189 25
218 2141 406 2200 gravat,
445 2136 652 2183 maxime
695 2134 911 2197 epaticos
951 2131 1026 2180 vel
1066 2133 1259 2181 renium
1298 2134 1412 2180 vitia
1451 2131 1688 2180 habentes
1728 2138 1776 2180 et
1816 2133 1901 2195 qui

218 2208 475 2272 splenetici
508 2214 638 2272 sunt,
671 2208 783 2270 quia
811 2204 1096 2269 coagulatur
1128 2207 1179 2253 in
1202 2204 1406 2254 renibus
1433 2212 1482 2254 et
1512 2205 1696 2269 lapides
1725 2204 1899 2253 exinde

218 2288 532 2344 generantur.

329 2383 529 2416 caseum
567 2382 684 2416 vero
734 2381 910 2415 recens
950 2373 999 2414 et
1050 2365 1216 2430 dulce,
1270 2366 1402 2430 quod
1452 2381 1550 2414 non
1601 2366 1665 2414 sit
1705 2364 1902 2430 salsum,
1928 2377 1990 2422 80

220 2442 350 2489 sanis
390 2455 664 2505 congruum
711 2446 800 2488 est.
876 2446 1039 2488 tamen
1088 2438 1219 2502 quod
1266 2441 1464 2487 omnino
1513 2453 1688 2487 recens
1736 2438 1901 2502 suerit,

131 2530 187 2569 30
218 2516 269 2562 in
320 2513 462 2562 melle
517 2515 761 2577 intingere
815 2511 1001 2560 bonum
1053 2518 1140 2560 est.
1218 2526 1416 2560 caseum
1455 2527 1570 2560 vero
1622 2526 1788 2560 assum
1826 2510 1903 2559 vel
1930 2523 1989 2568 81

223 2587 404 2635 elixum
445 2588 530 2650 qui
568 2586 956 2650 manducaverit,
1007 2584 1160 2633 altero
1199 2600 1388 2633 veneno
1430 2600 1553 2649 opus
1592 2599 1691 2632 non
1741 2582 1902 2648 habet,

223 2661 337 2723 quia
369 2666 598 2708 exsucata
638 2659 728 2707 alia
766 2658 1063 2722 pinguedine
1103 2657 1288 2721 lapides
1327 2660 1441 2722 puri
1473 2658 1768 2706 efficiuntur.
1816 2656 1902 2704 sed

223 2748 315 2781 nec
355 2732 551 2798 elixum,
591 2734 702 2796 quia
743 2732 919 2780 amissa
958 2729 1255 2794 pinguedine
1297 2731 1521 2779 similiter
1560 2737 1615 2778 ut
1655 2729 1778 2777 sales
1819 2728 1898 2777 de-

223 2807 369 2854 venit.
439 2821 552 2853 nam
590 2812 647 2854 ut
685 2804 853 2853 credat
893 2805 1018 2868 quiS,
1058 2802 1204 2852 elixet
1244 2819 1442 2852 caseum
1482 2810 1530 2851 et
1569 2802 1705 2851 tollat
1745 2808 1793 2850 et
1832 2802 1900 2849 di-

135 2893 192 2934 35
224 2880 383 2936 mittat
421 2878 542 2927 illud
573 2879 870 2942 refrigerari,
911 2884 959 2925 et
991 2877 1187 2924 omnino
1223 2876 1465 2940 quomodo
1505 2875 1627 2939 lapis
1659 2881 1741 2923 aut
1779 2873 1902 2922 sales
