<?xml version="1.0" encoding="UTF-8"?>
<!DOCTYPE html PUBLIC "-//W3C//DTD XHTML 1.0 Transitional//EN"
    "http://www.w3.org/TR/xhtml1/DTD/xhtml1-transitional.dtd">
<html xmlns="http://www.w3.org/1999/xhtml" xml:lang="en" lang="en">
 <head>
  <title>
</title>
<meta http-equiv="Content-Type" content="text/html;charset=utf-8" />
  <meta name='ocr-system' content='tesseract 3.04.00' />
  <meta name='ocr-capabilities' content='ocr_page ocr_carea ocr_par ocr_line ocrx_word'/>
</head>
<body>
  <div class='ocr_page' id='page_1' title='image "anthinideobserva00anthuoft_0017.png"; bbox 0 0 2060 3294; ppageno 0'>
   <div class='ocr_carea' id='block_1_1' title="bbox 785 145 1144 198">
    <p class='ocr_par' dir='ltr' id='par_1_1' title="bbox 785 145 1144 198">
     <span class='ocr_line' id='line_1_1' title="bbox 785 145 1144 198; baseline -0.003 -14"><span class='ocrx_word' id='word_1_1' title='bbox 785 145 1144 198; x_wconf 73' lang='lat'>...13-</span> 
     </span>
    </p>
   </div>
   <div class='ocr_carea' id='block_1_2' title="bbox 29 281 1904 2902">
    <p class='ocr_par' dir='ltr' id='par_1_2' title="bbox 123 281 1807 491">
     <span class='ocr_line' id='line_1_2' title="bbox 126 281 1803 344; baseline -0.003 -12"><span class='ocrx_word' id='word_1_2' title='bbox 126 285 179 332; x_wconf 91' lang='lat' dir='ltr'><strong>in</strong></span> <span class='ocrx_word' id='word_1_3' title='bbox 211 281 426 331; x_wconf 75' lang='lat' dir='ltr'><strong>‚iuscello</strong></span> <span class='ocrx_word' id='word_1_4' title='bbox 473 281 599 330; x_wconf 88' lang='lat' dir='ltr'><strong>bene</strong></span> <span class='ocrx_word' id='word_1_5' title='bbox 647 286 814 330; x_wconf 89' lang='lat' dir='ltr'><strong>coctae</strong></span> <span class='ocrx_word' id='word_1_6' title='bbox 862 295 1107 344; x_wconf 80' lang='lat' dir='ltr'>congruae</span> <span class='ocrx_word' id='word_1_7' title='bbox 1156 285 1295 344; x_wconf 90' lang='lat' dir='ltr'><strong>sunt,</strong></span> <span class='ocrx_word' id='word_1_8' title='bbox 1356 286 1406 328; x_wconf 88' lang='lat' dir='ltr'><strong>et</strong></span> <span class='ocrx_word' id='word_1_9' title='bbox 1458 282 1500 328; x_wconf 93' lang='lat' dir='ltr'><strong>si</strong></span> <span class='ocrx_word' id='word_1_10' title='bbox 1546 286 1803 344; x_wconf 83' lang='lat' dir='ltr'><strong>vaporatae</strong></span> 
     </span>
     <span class='ocr_line' id='line_1_3' title="bbox 124 353 1807 420; baseline -0.002 -16"><span class='ocrx_word' id='word_1_11' title='bbox 124 355 182 404; x_wconf 88' lang='lat' dir='ltr'><strong>ad</strong></span> <span class='ocrx_word' id='word_1_12' title='bbox 234 355 404 403; x_wconf 89' lang='lat' dir='ltr'><strong>horam</strong></span> <span class='ocrx_word' id='word_1_13' title='bbox 452 356 666 420; x_wconf 89' lang='lat' dir='ltr'><strong>occisae,</strong></span> <span class='ocrx_word' id='word_1_14' title='bbox 726 353 852 402; x_wconf 87' lang='lat' dir='ltr'><strong>bene</strong></span> <span class='ocrx_word' id='word_1_15' title='bbox 899 359 1064 402; x_wconf 89' lang='lat' dir='ltr'><strong>tamen</strong></span> <span class='ocrx_word' id='word_1_16' title='bbox 1110 359 1302 417; x_wconf 88' lang='lat' dir='ltr'><strong>coctae,</strong></span> <span class='ocrx_word' id='word_1_17' title='bbox 1356 359 1512 419; x_wconf 83' lang='lat' dir='ltr'><strong>aptae,</strong></span> <span class='ocrx_word' id='word_1_18' title='bbox 1564 355 1711 401; x_wconf 91' lang='lat' dir='ltr'><strong>etiam</strong></span> <span class='ocrx_word' id='word_1_19' title='bbox 1757 358 1807 401; x_wconf 92' lang='lat' dir='ltr'><strong>et</strong></span> 
     </span>
     <span class='ocr_line' id='line_1_4' title="bbox 123 427 1326 491; baseline -0.002 -15"><span class='ocrx_word' id='word_1_20' title='bbox 123 443 260 477; x_wconf 87' lang='lat' dir='ltr'><strong>assae</strong></span> <span class='ocrx_word' id='word_1_21' title='bbox 299 434 355 476; x_wconf 89' lang='lat' dir='ltr'><strong>ut</strong></span> <span class='ocrx_word' id='word_1_22' title='bbox 394 427 598 491; x_wconf 89' lang='lat' dir='ltr'><strong>delonge</strong></span> <span class='ocrx_word' id='word_1_23' title='bbox 639 442 665 475; x_wconf 90' lang='lat' dir='ltr'><strong>a</strong></span> <span class='ocrx_word' id='word_1_24' title='bbox 704 427 814 475; x_wconf 89' lang='lat' dir='ltr'><strong>foco</strong></span> <span class='ocrx_word' id='word_1_25' title='bbox 854 428 1045 475; x_wconf 90' lang='lat' dir='ltr'><strong>cautius</strong></span> <span class='ocrx_word' id='word_1_26' title='bbox 1085 433 1326 475; x_wconf 88' lang='lat' dir='ltr'><strong>assentur.</strong></span> 
     </span>
    </p>

    <p class='ocr_par' dir='ltr' id='par_1_3' title="bbox 32 499 1896 987">
     <span class='ocr_line' id='line_1_5' title="bbox 32 499 1806 567; baseline -0.004 -14"><span class='ocrx_word' id='word_1_27' title='bbox 32 508 96 553; x_wconf 80' lang='lat'><strong>24</strong></span> <span class='ocrx_word' id='word_1_28' title='bbox 236 501 295 549; x_wconf 88' lang='lat' dir='ltr'><strong>de</strong></span> <span class='ocrx_word' id='word_1_29' title='bbox 335 499 615 567; x_wconf 63' lang='lat' dir='ltr'><strong>pavonibus⁸</strong></span> <span class='ocrx_word' id='word_1_30' title='bbox 638 514 754 547; x_wconf 88' lang='lat' dir='ltr'><strong>vero</strong></span> <span class='ocrx_word' id='word_1_31' title='bbox 795 501 836 547; x_wconf 91' lang='lat' dir='ltr'><strong>si</strong></span> <span class='ocrx_word' id='word_1_32' title='bbox 875 500 1060 547; x_wconf 87' lang='lat' dir='ltr'><strong>fuerint</strong></span> <span class='ocrx_word' id='word_1_33' title='bbox 1098 499 1168 547; x_wconf 91' lang='lat' dir='ltr'><strong>illi</strong></span> <span class='ocrx_word' id='word_1_34' title='bbox 1206 500 1414 548; x_wconf 83' lang='lat' dir='ltr'><strong>maxime</strong></span> <span class='ocrx_word' id='word_1_35' title='bbox 1455 500 1540 562; x_wconf 90' lang='lat' dir='ltr'><strong>qui</strong></span> <span class='ocrx_word' id='word_1_36' title='bbox 1584 505 1701 547; x_wconf 92' lang='lat' dir='ltr'><strong>sunt</strong></span> <span class='ocrx_word' id='word_1_37' title='bbox 1731 513 1806 546; x_wconf 89' lang='lat' dir='ltr'><strong>se-</strong></span> 
     </span>
     <span class='ocr_line' id='line_1_6' title="bbox 125 570 1865 639; baseline -0.002 -17"><span class='ocrx_word' id='word_1_38' title='bbox 125 576 307 639; x_wconf 83' lang='lat' dir='ltr'><strong>nioreS,</strong></span> <span class='ocrx_word' id='word_1_39' title='bbox 347 579 457 622; x_wconf 89' lang='lat' dir='ltr'><strong>ante</strong></span> <span class='ocrx_word' id='word_1_40' title='bbox 496 585 536 621; x_wconf 90' lang='lat' dir='ltr'><strong>V</strong></span> <span class='ocrx_word' id='word_1_41' title='bbox 566 580 651 622; x_wconf 88' lang='lat' dir='ltr'><strong>aut</strong></span> <span class='ocrx_word' id='word_1_42' title='bbox 688 584 750 621; x_wconf 86' lang='lat' dir='ltr'><strong>VI</strong></span> <span class='ocrx_word' id='word_1_43' title='bbox 789 572 894 620; x_wconf 87' lang='lat' dir='ltr'><strong>dies</strong></span> <span class='ocrx_word' id='word_1_44' title='bbox 925 572 1227 636; x_wconf 84' lang='lat' dir='ltr'><strong>occidantur,</strong></span> <span class='ocrx_word' id='word_1_45' title='bbox 1275 578 1324 620; x_wconf 88' lang='lat' dir='ltr'><strong>et</strong></span> <span class='ocrx_word' id='word_1_46' title='bbox 1354 573 1638 636; x_wconf 89' lang='lat' dir='ltr'><strong>caprientur</strong></span> <span class='ocrx_word' id='word_1_47' title='bbox 1680 570 1805 619; x_wconf 88' lang='lat' dir='ltr'><strong>bene</strong></span> <span class='ocrx_word' id='word_1_48' title='bbox 1839 576 1865 616; x_wconf 88' lang='lat'>5</span> 
     </span>
     <span class='ocr_line' id='line_1_7' title="bbox 126 644 1808 711; baseline -0.002 -16"><span class='ocrx_word' id='word_1_49' title='bbox 126 648 212 711; x_wconf 90' lang='lat' dir='ltr'><strong>qui</strong></span> <span class='ocrx_word' id='word_1_50' title='bbox 251 646 372 695; x_wconf 90' lang='lat' dir='ltr'><strong>tales</strong></span> <span class='ocrx_word' id='word_1_51' title='bbox 412 661 586 694; x_wconf 86' lang='lat' dir='ltr'><strong>carnes</strong></span> <span class='ocrx_word' id='word_1_52' title='bbox 624 645 828 709; x_wconf 91' lang='lat' dir='ltr'><strong>habent,</strong></span> <span class='ocrx_word' id='word_1_53' title='bbox 879 652 928 694; x_wconf 92' lang='lat' dir='ltr'><strong>et</strong></span> <span class='ocrx_word' id='word_1_54' title='bbox 976 647 1028 693; x_wconf 91' lang='lat' dir='ltr'><strong>in</strong></span> <span class='ocrx_word' id='word_1_55' title='bbox 1067 647 1178 693; x_wconf 92' lang='lat' dir='ltr'><strong>vino</strong></span> <span class='ocrx_word' id='word_1_56' title='bbox 1226 646 1364 693; x_wconf 89' lang='lat' dir='ltr'><strong>missi</strong></span> <span class='ocrx_word' id='word_1_57' title='bbox 1404 651 1488 693; x_wconf 90' lang='lat' dir='ltr'><strong>aut</strong></span> <span class='ocrx_word' id='word_1_58' title='bbox 1526 644 1808 708; x_wconf 87' lang='lat' dir='ltr'><strong>singulatim</strong></span> 
     </span>
     <span class='ocr_line' id='line_1_8' title="bbox 124 717 1806 784; baseline -0.001 -17"><span class='ocrx_word' id='word_1_59' title='bbox 124 722 176 768; x_wconf 90' lang='lat' dir='ltr'><strong>in</strong></span> <span class='ocrx_word' id='word_1_60' title='bbox 215 719 418 768; x_wconf 90' lang='lat' dir='ltr'><strong>iuscello</strong></span> <span class='ocrx_word' id='word_1_61' title='bbox 459 720 588 767; x_wconf 90' lang='lat' dir='ltr'><strong>cocti</strong></span> <span class='ocrx_word' id='word_1_62' title='bbox 626 726 899 784; x_wconf 82' lang='lat' dir='ltr'><strong>sumantur,</strong></span> <span class='ocrx_word' id='word_1_63' title='bbox 936 719 1003 766; x_wconf 90' lang='lat' dir='ltr'><strong>ita</strong></span> <span class='ocrx_word' id='word_1_64' title='bbox 1043 725 1099 766; x_wconf 91' lang='lat' dir='ltr'><strong>ut</strong></span> <span class='ocrx_word' id='word_1_65' title='bbox 1138 720 1222 781; x_wconf 88' lang='lat' dir='ltr'><strong>qui</strong></span> <span class='ocrx_word' id='word_1_66' title='bbox 1262 717 1535 766; x_wconf 83' lang='lat' dir='ltr'><strong>delectatur</strong></span> <span class='ocrx_word' id='word_1_67' title='bbox 1574 717 1671 766; x_wconf 92' lang='lat' dir='ltr'><strong>mel</strong></span> <span class='ocrx_word' id='word_1_68' title='bbox 1706 732 1806 765; x_wconf 87' lang='lat' dir='ltr'><strong>mo-</strong></span> 
     </span>
     <span class='ocr_line' id='line_1_9' title="bbox 126 790 1810 856; baseline -0.002 -15"><span class='ocrx_word' id='word_1_69' title='bbox 126 793 292 842; x_wconf 90' lang='lat' dir='ltr'><strong>dicum</strong></span> <span class='ocrx_word' id='word_1_70' title='bbox 331 798 380 840; x_wconf 87' lang='lat' dir='ltr'><strong>et</strong></span> <span class='ocrx_word' id='word_1_71' title='bbox 416 793 560 855; x_wconf 89' lang='lat' dir='ltr'><strong>piper</strong></span> <span class='ocrx_word' id='word_1_72' title='bbox 598 793 760 840; x_wconf 90' lang='lat' dir='ltr'><strong>mittat</strong></span> <span class='ocrx_word' id='word_1_73' title='bbox 796 792 849 839; x_wconf 90' lang='lat' dir='ltr'><strong>in</strong></span> <span class='ocrx_word' id='word_1_74' title='bbox 887 792 995 855; x_wconf 90' lang='lat' dir='ltr'><strong>ipso</strong></span> <span class='ocrx_word' id='word_1_75' title='bbox 1019 790 1239 856; x_wconf 87' lang='lat' dir='ltr'><strong>iuscello,</strong></span> <span class='ocrx_word' id='word_1_76' title='bbox 1277 796 1449 854; x_wconf 87' lang='lat' dir='ltr'><strong>postea</strong></span> <span class='ocrx_word' id='word_1_77' title='bbox 1474 805 1589 839; x_wconf 92' lang='lat' dir='ltr'><strong>cum</strong></span> <span class='ocrx_word' id='word_1_78' title='bbox 1613 797 1810 839; x_wconf 91' lang='lat' dir='ltr'><strong>coctum</strong></span> 
     </span>
     <span class='ocr_line' id='line_1_10' title="bbox 126 864 1808 928; baseline -0.001 -15"><span class='ocrx_word' id='word_1_79' title='bbox 126 865 290 914; x_wconf 89' lang='lat' dir='ltr'><strong>fuerit.</strong></span> <span class='ocrx_word' id='word_1_80' title='bbox 366 867 584 913; x_wconf 88' lang='lat' dir='ltr'><strong>minores</strong></span> <span class='ocrx_word' id='word_1_81' title='bbox 629 879 746 913; x_wconf 84' lang='lat' dir='ltr'><strong>vero</strong></span> <span class='ocrx_word' id='word_1_82' title='bbox 800 879 1014 928; x_wconf 85' lang='lat' dir='ltr'><strong>pavones</strong></span> <span class='ocrx_word' id='word_1_83' title='bbox 1062 864 1138 912; x_wconf 92' lang='lat' dir='ltr'><strong>vel</strong></span> <span class='ocrx_word' id='word_1_84' title='bbox 1184 865 1459 912; x_wconf 90' lang='lat' dir='ltr'><strong>teneriores</strong></span> <span class='ocrx_word' id='word_1_85' title='bbox 1499 870 1610 912; x_wconf 86' lang='lat' dir='ltr'><strong>ante</strong></span> <span class='ocrx_word' id='word_1_86' title='bbox 1658 878 1808 912; x_wconf 89' lang='lat' dir='ltr'><strong>unam</strong></span> 
     </span>
     <span class='ocr_line' id='line_1_11' title="bbox 126 936 1896 987; baseline -0.003 -1"><span class='ocrx_word' id='word_1_87' title='bbox 126 938 256 987; x_wconf 93' lang='lat' dir='ltr'><strong>diem</strong></span> <span class='ocrx_word' id='word_1_88' title='bbox 295 945 379 987; x_wconf 89' lang='lat' dir='ltr'><strong>aut</strong></span> <span class='ocrx_word' id='word_1_89' title='bbox 416 937 623 986; x_wconf 87' lang='lat' dir='ltr'><strong>biduum</strong></span> <span class='ocrx_word' id='word_1_90' title='bbox 661 936 964 986; x_wconf 88' lang='lat' dir='ltr'><strong>occidantur.</strong></span> <span class='ocrx_word' id='word_1_91' title='bbox 1840 943 1896 982; x_wconf 92' lang='lat'><strong>10</strong></span> 
     </span>
    </p>

    <p class='ocr_par' dir='ltr' id='par_1_4' title="bbox 34 1009 1900 2391">
     <span class='ocr_line' id='line_1_12' title="bbox 34 1009 1807 1075; baseline -0.001 -16"><span class='ocrx_word' id='word_1_92' title='bbox 34 1019 98 1065; x_wconf 80' lang='lat'><strong>25</strong></span> <span class='ocrx_word' id='word_1_93' title='bbox 235 1010 305 1060; x_wconf 94' lang='lat' dir='ltr'><strong>De</strong></span> <span class='ocrx_word' id='word_1_94' title='bbox 345 1010 622 1075; x_wconf 84' lang='lat' dir='ltr'><strong>agrestibus</strong></span> <span class='ocrx_word' id='word_1_95' title='bbox 661 1026 777 1059; x_wconf 86' lang='lat' dir='ltr'><strong>vero</strong></span> <span class='ocrx_word' id='word_1_96' title='bbox 825 1009 995 1059; x_wconf 89' lang='lat' dir='ltr'><strong>avibus</strong></span> <span class='ocrx_word' id='word_1_97' title='bbox 1042 1016 1264 1059; x_wconf 88' lang='lat' dir='ltr'><strong>turtures</strong></span> <span class='ocrx_word' id='word_1_98' title='bbox 1306 1010 1504 1074; x_wconf 87' lang='lat' dir='ltr'><strong>quidem</strong></span> <span class='ocrx_word' id='word_1_99' title='bbox 1553 1012 1638 1074; x_wconf 92' lang='lat' dir='ltr'><strong>qui</strong></span> <span class='ocrx_word' id='word_1_100' title='bbox 1684 1012 1807 1074; x_wconf 87' lang='lat' dir='ltr'><strong>sagi-</strong></span> 
     </span>
     <span class='ocr_line' id='line_1_13' title="bbox 122 1083 1810 1148; baseline -0.001 -15"><span class='ocrx_word' id='word_1_101' title='bbox 122 1090 305 1133; x_wconf 86' lang='lat' dir='ltr'><strong>nantur</strong></span> <span class='ocrx_word' id='word_1_102' title='bbox 343 1086 396 1133; x_wconf 91' lang='lat' dir='ltr'><strong>in</strong></span> <span class='ocrx_word' id='word_1_103' title='bbox 435 1084 578 1132; x_wconf 91' lang='lat' dir='ltr'><strong>domo</strong></span> <span class='ocrx_word' id='word_1_104' title='bbox 619 1085 775 1132; x_wconf 88' lang='lat' dir='ltr'><strong>scitur</strong></span> <span class='ocrx_word' id='word_1_105' title='bbox 814 1083 873 1132; x_wconf 87' lang='lat' dir='ltr'><strong>ab</strong></span> <span class='ocrx_word' id='word_1_106' title='bbox 920 1083 1148 1132; x_wconf 83' lang='lat' dir='ltr'><strong>omnibus</strong></span> <span class='ocrx_word' id='word_1_107' title='bbox 1198 1085 1451 1147; x_wconf 85' lang='lat' dir='ltr'><strong>graviores</strong></span> <span class='ocrx_word' id='word_1_108' title='bbox 1499 1090 1636 1148; x_wconf 91' lang='lat' dir='ltr'><strong>sunt,</strong></span> <span class='ocrx_word' id='word_1_109' title='bbox 1695 1085 1810 1147; x_wconf 88' lang='lat' dir='ltr'><strong>quia</strong></span> 
     </span>
     <span class='ocr_line' id='line_1_14' title="bbox 123 1156 1806 1220; baseline -0.001 -14"><span class='ocrx_word' id='word_1_110' title='bbox 123 1158 330 1206; x_wconf 89' lang='lat' dir='ltr'><strong>miseras</strong></span> <span class='ocrx_word' id='word_1_111' title='bbox 369 1172 543 1205; x_wconf 87' lang='lat' dir='ltr'><strong>carnes</strong></span> <span class='ocrx_word' id='word_1_112' title='bbox 581 1156 765 1205; x_wconf 89' lang='lat' dir='ltr'><strong>habent</strong></span> <span class='ocrx_word' id='word_1_113' title='bbox 804 1164 854 1205; x_wconf 93' lang='lat' dir='ltr'><strong>et</strong></span> <span class='ocrx_word' id='word_1_114' title='bbox 891 1156 1299 1205; x_wconf 91' lang='lat' dir='ltr'><strong>melancholicum</strong></span> <span class='ocrx_word' id='word_1_115' title='bbox 1350 1156 1609 1205; x_wconf 88' lang='lat' dir='ltr'><strong>humorem</strong></span> <span class='ocrx_word' id='word_1_116' title='bbox 1661 1171 1806 1220; x_wconf 85' lang='lat' dir='ltr'><strong>gene-</strong></span> 
     </span>
     <span class='ocr_line' id='line_1_15' title="bbox 122 1229 1807 1295; baseline 0 -17"><span class='ocrx_word' id='word_1_117' title='bbox 122 1238 249 1295; x_wconf 80' lang='lat' dir='ltr'><strong>rant,</strong></span> <span class='ocrx_word' id='word_1_118' title='bbox 287 1232 383 1278; x_wconf 87' lang='lat' dir='ltr'><strong>nisi</strong></span> <span class='ocrx_word' id='word_1_119' title='bbox 421 1231 548 1278; x_wconf 85' lang='lat' dir='ltr'><strong>forte</strong></span> <span class='ocrx_word' id='word_1_120' title='bbox 586 1245 677 1293; x_wconf 90' lang='lat' dir='ltr'><strong>pro</strong></span> <span class='ocrx_word' id='word_1_121' title='bbox 718 1229 964 1278; x_wconf 89' lang='lat' dir='ltr'><strong>desiderio</strong></span> <span class='ocrx_word' id='word_1_122' title='bbox 1003 1229 1179 1293; x_wconf 89' lang='lat' dir='ltr'><strong>aliquis</strong></span> <span class='ocrx_word' id='word_1_123' title='bbox 1217 1229 1469 1278; x_wconf 90' lang='lat' dir='ltr'><strong>interdum</strong></span> <span class='ocrx_word' id='word_1_124' title='bbox 1520 1239 1693 1278; x_wconf 91' lang='lat' dir='ltr'><strong>sumat.</strong></span> <span class='ocrx_word' id='word_1_125' title='bbox 1757 1231 1807 1277; x_wconf 88' lang='lat' dir='ltr'><strong>iu</strong></span> 
     </span>
     <span class='ocr_line' id='line_1_16' title="bbox 124 1302 1896 1367; baseline -0.002 -16"><span class='ocrx_word' id='word_1_126' title='bbox 124 1305 308 1367; x_wconf 85' lang='lat' dir='ltr'><strong>campis</strong></span> <span class='ocrx_word' id='word_1_127' title='bbox 347 1318 463 1351; x_wconf 87' lang='lat' dir='ltr'><strong>vero</strong></span> <span class='ocrx_word' id='word_1_128' title='bbox 504 1304 589 1367; x_wconf 88' lang='lat' dir='ltr'><strong>qui</strong></span> <span class='ocrx_word' id='word_1_129' title='bbox 629 1309 901 1351; x_wconf 90' lang='lat' dir='ltr'><strong>nascuntur</strong></span> <span class='ocrx_word' id='word_1_130' title='bbox 941 1302 1214 1351; x_wconf 90' lang='lat' dir='ltr'><strong>elleborum</strong></span> <span class='ocrx_word' id='word_1_131' title='bbox 1252 1302 1455 1351; x_wconf 88' lang='lat' dir='ltr'><strong>herbam</strong></span> <span class='ocrx_word' id='word_1_132' title='bbox 1496 1318 1618 1367; x_wconf 88' lang='lat' dir='ltr'><strong>quae</strong></span> <span class='ocrx_word' id='word_1_133' title='bbox 1659 1302 1806 1351; x_wconf 91' lang='lat' dir='ltr'><strong>latine</strong></span> <span class='ocrx_word' id='word_1_134' title='bbox 1842 1307 1896 1347; x_wconf 78' lang='lat'><strong>15</strong></span> 
     </span>
     <span class='ocr_line' id='line_1_17' title="bbox 125 1375 1808 1442; baseline 0 -18"><span class='ocrx_word' id='word_1_135' title='bbox 125 1376 306 1425; x_wconf 89' lang='lat' dir='ltr'><strong>dicitur</strong></span> <span class='ocrx_word' id='word_1_136' title='bbox 344 1383 618 1440; x_wconf 88' lang='lat' dir='ltr'><strong>veratrum,</strong></span> <span class='ocrx_word' id='word_1_137' title='bbox 655 1375 801 1440; x_wconf 88' lang='lat' dir='ltr'><strong>ipsud</strong></span> <span class='ocrx_word' id='word_1_138' title='bbox 841 1375 1136 1424; x_wconf 89' lang='lat' dir='ltr'><strong>manducant</strong></span> <span class='ocrx_word' id='word_1_139' title='bbox 1176 1382 1225 1424; x_wconf 91' lang='lat' dir='ltr'><strong>et</strong></span> <span class='ocrx_word' id='word_1_140' title='bbox 1270 1383 1623 1442; x_wconf 87' lang='lat' dir='ltr'><strong>persecuntur,</strong></span> <span class='ocrx_word' id='word_1_141' title='bbox 1677 1377 1808 1424; x_wconf 90' lang='lat' dir='ltr'><strong>sicut</strong></span> 
     </span>
     <span class='ocr_line' id='line_1_18' title="bbox 122 1448 1807 1514; baseline -0.001 -16"><span class='ocrx_word' id='word_1_142' title='bbox 122 1456 350 1501; x_wconf 88' lang='lat' dir='ltr'><strong>auctores</strong></span> <span class='ocrx_word' id='word_1_143' title='bbox 388 1450 547 1497; x_wconf 89' lang='lat' dir='ltr'><strong>nostri</strong></span> <span class='ocrx_word' id='word_1_144' title='bbox 586 1449 771 1498; x_wconf 89' lang='lat' dir='ltr'><strong>dicunt.</strong></span> <span class='ocrx_word' id='word_1_145' title='bbox 848 1448 979 1512; x_wconf 86' lang='lat' dir='ltr'><strong>quod</strong></span> <span class='ocrx_word' id='word_1_146' title='bbox 1019 1450 1061 1497; x_wconf 89' lang='lat' dir='ltr'><strong>si</strong></span> <span class='ocrx_word' id='word_1_147' title='bbox 1101 1451 1211 1512; x_wconf 88' lang='lat' dir='ltr'><strong>quis</strong></span> <span class='ocrx_word' id='word_1_148' title='bbox 1251 1449 1633 1514; x_wconf 85' lang='lat' dir='ltr'><strong>adprehenderit</strong></span> <span class='ocrx_word' id='word_1_149' title='bbox 1671 1464 1807 1513; x_wconf 89' lang='lat' dir='ltr'><strong>agre-</strong></span> 
     </span>
     <span class='ocr_line' id='line_1_19' title="bbox 123 1521 1806 1586; baseline 0 -16"><span class='ocrx_word' id='word_1_150' title='bbox 123 1529 251 1571; x_wconf 88' lang='lat' dir='ltr'><strong>stem</strong></span> <span class='ocrx_word' id='word_1_151' title='bbox 290 1528 538 1571; x_wconf 86' lang='lat' dir='ltr'><strong>turturem</strong></span> <span class='ocrx_word' id='word_1_152' title='bbox 577 1529 627 1571; x_wconf 92' lang='lat' dir='ltr'><strong>et</strong></span> <span class='ocrx_word' id='word_1_153' title='bbox 665 1522 724 1570; x_wconf 91' lang='lat' dir='ltr'><strong>de</strong></span> <span class='ocrx_word' id='word_1_154' title='bbox 764 1522 845 1570; x_wconf 89' lang='lat' dir='ltr'><strong>illa</strong></span> <span class='ocrx_word' id='word_1_155' title='bbox 883 1521 1037 1570; x_wconf 89' lang='lat' dir='ltr'><strong>herba</strong></span> <span class='ocrx_word' id='word_1_156' title='bbox 1083 1524 1246 1586; x_wconf 91' lang='lat' dir='ltr'><strong>ipsum</strong></span> <span class='ocrx_word' id='word_1_157' title='bbox 1295 1524 1558 1586; x_wconf 87' lang='lat' dir='ltr'><strong>contigerit</strong></span> <span class='ocrx_word' id='word_1_158' title='bbox 1604 1522 1806 1571; x_wconf 88' lang='lat' dir='ltr'><strong>mandu-</strong></span> 
     </span>
     <span class='ocr_line' id='line_1_20' title="bbox 123 1594 1802 1660; baseline 0 -17"><span class='ocrx_word' id='word_1_159' title='bbox 123 1610 260 1644; x_wconf 84' lang='lat' dir='ltr'><strong>casse</strong></span> <span class='ocrx_word' id='word_1_160' title='bbox 302 1601 350 1643; x_wconf 94' lang='lat' dir='ltr'><strong>et</strong></span> <span class='ocrx_word' id='word_1_161' title='bbox 389 1595 564 1659; x_wconf 89' lang='lat' dir='ltr'><strong>aliquis</strong></span> <span class='ocrx_word' id='word_1_162' title='bbox 604 1594 664 1643; x_wconf 90' lang='lat' dir='ltr'><strong>de</strong></span> <span class='ocrx_word' id='word_1_163' title='bbox 703 1597 811 1659; x_wconf 91' lang='lat' dir='ltr'><strong>ipso</strong></span> <span class='ocrx_word' id='word_1_164' title='bbox 852 1595 1142 1660; x_wconf 86' lang='lat' dir='ltr'><strong>comederit,</strong></span> <span class='ocrx_word' id='word_1_165' title='bbox 1181 1595 1364 1659; x_wconf 86' lang='lat' dir='ltr'><strong>grande</strong></span> <span class='ocrx_word' id='word_1_166' title='bbox 1404 1595 1681 1659; x_wconf 87' lang='lat' dir='ltr'><strong>periculum</strong></span> <span class='ocrx_word' id='word_1_167' title='bbox 1718 1610 1802 1660; x_wconf 91' lang='lat' dir='ltr'><strong>pa-</strong></span> 
     </span>
     <span class='ocr_line' id='line_1_21' title="bbox 123 1668 1900 1733; baseline -0.002 -17"><span class='ocrx_word' id='word_1_168' title='bbox 123 1671 268 1733; x_wconf 85' lang='lat' dir='ltr'><strong>titur,</strong></span> <span class='ocrx_word' id='word_1_169' title='bbox 314 1674 364 1716; x_wconf 88' lang='lat' dir='ltr'><strong>et</strong></span> <span class='ocrx_word' id='word_1_170' title='bbox 403 1683 560 1732; x_wconf 89' lang='lat' dir='ltr'><strong>usque</strong></span> <span class='ocrx_word' id='word_1_171' title='bbox 599 1670 821 1732; x_wconf 84' lang='lat' dir='ltr'><strong>proxime</strong></span> <span class='ocrx_word' id='word_1_172' title='bbox 861 1675 1071 1716; x_wconf 90' lang='lat' dir='ltr'><strong>mortem</strong></span> <span class='ocrx_word' id='word_1_173' title='bbox 1116 1668 1367 1716; x_wconf 88' lang='lat' dir='ltr'><strong>hominem</strong></span> <span class='ocrx_word' id='word_1_174' title='bbox 1406 1668 1605 1717; x_wconf 88' lang='lat' dir='ltr'><strong>adducit</strong></span> <span class='ocrx_word' id='word_1_175' title='bbox 1642 1670 1709 1717; x_wconf 90' lang='lat' dir='ltr'><strong>ita</strong></span> <span class='ocrx_word' id='word_1_176' title='bbox 1747 1675 1804 1717; x_wconf 91' lang='lat' dir='ltr'><strong>ut</strong></span> <span class='ocrx_word' id='word_1_177' title='bbox 1842 1674 1900 1714; x_wconf 83' lang='lat'><strong>20</strong></span> 
     </span>
     <span class='ocr_line' id='line_1_22' title="bbox 122 1740 1806 1806; baseline 0.001 -17"><span class='ocrx_word' id='word_1_178' title='bbox 122 1743 383 1805; x_wconf 87' lang='lat' dir='ltr'><strong>ignoscens</strong></span> <span class='ocrx_word' id='word_1_179' title='bbox 422 1741 598 1804; x_wconf 89' lang='lat' dir='ltr'><strong>aliquis</strong></span> <span class='ocrx_word' id='word_1_180' title='bbox 644 1747 786 1805; x_wconf 90' lang='lat' dir='ltr'><strong>putet</strong></span> <span class='ocrx_word' id='word_1_181' title='bbox 830 1756 1075 1789; x_wconf 89' lang='lat' dir='ltr'><strong>venenum</strong></span> <span class='ocrx_word' id='word_1_182' title='bbox 1123 1756 1174 1788; x_wconf 90' lang='lat' dir='ltr'><strong>se</strong></span> <span class='ocrx_word' id='word_1_183' title='bbox 1226 1740 1285 1789; x_wconf 91' lang='lat' dir='ltr'><strong>ab</strong></span> <span class='ocrx_word' id='word_1_184' title='bbox 1332 1741 1495 1805; x_wconf 89' lang='lat' dir='ltr'><strong>aliquo</strong></span> <span class='ocrx_word' id='word_1_185' title='bbox 1540 1743 1806 1806; x_wconf 89' lang='lat' dir='ltr'><strong>accepisse,</strong></span> 
     </span>
     <span class='ocr_line' id='line_1_23' title="bbox 120 1813 1803 1881; baseline 0 -18"><span class='ocrx_word' id='word_1_186' title='bbox 120 1817 174 1863; x_wconf 88' lang='lat' dir='ltr'><strong>in</strong></span> <span class='ocrx_word' id='word_1_187' title='bbox 213 1821 404 1863; x_wconf 90' lang='lat' dir='ltr'><strong>tantum</strong></span> <span class='ocrx_word' id='word_1_188' title='bbox 443 1821 497 1863; x_wconf 90' lang='lat' dir='ltr'><strong>ut</strong></span> <span class='ocrx_word' id='word_1_189' title='bbox 536 1822 586 1862; x_wconf 89' lang='lat' dir='ltr'><strong>et</strong></span> <span class='ocrx_word' id='word_1_190' title='bbox 618 1813 898 1878; x_wconf 87' lang='lat' dir='ltr'><strong>corruptela</strong></span> <span class='ocrx_word' id='word_1_191' title='bbox 936 1815 1121 1862; x_wconf 88' lang='lat' dir='ltr'><strong>ventris</strong></span> <span class='ocrx_word' id='word_1_192' title='bbox 1153 1816 1301 1863; x_wconf 89' lang='lat' dir='ltr'><strong>nimia</strong></span> <span class='ocrx_word' id='word_1_193' title='bbox 1333 1815 1681 1881; x_wconf 87' lang='lat' dir='ltr'><strong>subsequatur,</strong></span> <span class='ocrx_word' id='word_1_194' title='bbox 1719 1823 1803 1863; x_wconf 89' lang='lat' dir='ltr'><strong>aut</strong></span> 
     </span>
     <span class='ocr_line' id='line_1_24' title="bbox 124 1888 1805 1952; baseline 0.001 -16"><span class='ocrx_word' id='word_1_195' title='bbox 124 1894 259 1937; x_wconf 88' lang='lat' dir='ltr'><strong>certe</strong></span> <span class='ocrx_word' id='word_1_196' title='bbox 299 1889 509 1936; x_wconf 89' lang='lat' dir='ltr'><strong>vomitus</strong></span> <span class='ocrx_word' id='word_1_197' title='bbox 548 1889 615 1936; x_wconf 89' lang='lat' dir='ltr'><strong>ita</strong></span> <span class='ocrx_word' id='word_1_198' title='bbox 667 1895 720 1936; x_wconf 94' lang='lat' dir='ltr'><strong>ut</strong></span> <span class='ocrx_word' id='word_1_199' title='bbox 765 1893 959 1952; x_wconf 89' lang='lat' dir='ltr'><strong>partem</strong></span> <span class='ocrx_word' id='word_1_200' title='bbox 1008 1888 1158 1936; x_wconf 64' lang='lat' dir='ltr'><strong>faciei⁴</strong></span> <span class='ocrx_word' id='word_1_201' title='bbox 1199 1890 1518 1952; x_wconf 88' lang='lat' dir='ltr'><strong>constringat.</strong></span> <span class='ocrx_word' id='word_1_202' title='bbox 1581 1888 1715 1937; x_wconf 90' lang='lat' dir='ltr'><strong>istud</strong></span> <span class='ocrx_word' id='word_1_203' title='bbox 1756 1896 1805 1936; x_wconf 88' lang='lat' dir='ltr'><strong>et</strong></span> 
     </span>
     <span class='ocr_line' id='line_1_25' title="bbox 125 1960 1805 2024; baseline 0.001 -16"><span class='ocrx_word' id='word_1_204' title='bbox 125 1975 214 2024; x_wconf 89' lang='lat' dir='ltr'><strong>ego</strong></span> <span class='ocrx_word' id='word_1_205' title='bbox 254 1962 305 2009; x_wconf 90' lang='lat' dir='ltr'><strong>in</strong></span> <span class='ocrx_word' id='word_1_206' title='bbox 344 1968 565 2024; x_wconf 89' lang='lat' dir='ltr'><strong>tempore</strong></span> <span class='ocrx_word' id='word_1_207' title='bbox 606 1976 715 2009; x_wconf 89' lang='lat' dir='ltr'><strong>meo</strong></span> <span class='ocrx_word' id='word_1_208' title='bbox 755 1960 956 2024; x_wconf 90' lang='lat' dir='ltr'><strong>probavi</strong></span> <span class='ocrx_word' id='word_1_209' title='bbox 995 1962 1046 2008; x_wconf 93' lang='lat' dir='ltr'><strong>in</strong></span> <span class='ocrx_word' id='word_1_210' title='bbox 1093 1962 1344 2024; x_wconf 86' lang='lat' dir='ltr'><strong>provincia</strong></span> <span class='ocrx_word' id='word_1_211' title='bbox 1397 1976 1517 2009; x_wconf 89' lang='lat' dir='ltr'><strong>mea.</strong></span> <span class='ocrx_word' id='word_1_212' title='bbox 1592 1963 1643 2009; x_wconf 90' lang='lat' dir='ltr'><strong>in</strong></span> <span class='ocrx_word' id='word_1_213' title='bbox 1694 1961 1805 2009; x_wconf 90' lang='lat' dir='ltr'><strong>villa</strong></span> 
     </span>
     <span class='ocr_line' id='line_1_26' title="bbox 123 2033 1896 2099; baseline -0.001 -17"><span class='ocrx_word' id='word_1_214' title='bbox 123 2034 222 2082; x_wconf 88' lang='lat' dir='ltr'><strong>duo</strong></span> <span class='ocrx_word' id='word_1_215' title='bbox 261 2035 435 2082; x_wconf 90' lang='lat' dir='ltr'><strong>rustici</strong></span> <span class='ocrx_word' id='word_1_216' title='bbox 473 2035 544 2082; x_wconf 89' lang='lat' dir='ltr'><strong>sic</strong></span> <span class='ocrx_word' id='word_1_217' title='bbox 585 2034 642 2081; x_wconf 90' lang='lat' dir='ltr'><strong>ad</strong></span> <span class='ocrx_word' id='word_1_218' title='bbox 683 2033 854 2082; x_wconf 88' lang='lat' dir='ltr'><strong>horam</strong></span> <span class='ocrx_word' id='word_1_219' title='bbox 893 2041 1090 2097; x_wconf 88' lang='lat' dir='ltr'><strong>captum</strong></span> <span class='ocrx_word' id='word_1_220' title='bbox 1130 2033 1476 2099; x_wconf 89' lang='lat' dir='ltr'><strong>comederunt,</strong></span> <span class='ocrx_word' id='word_1_221' title='bbox 1516 2041 1564 2083; x_wconf 92' lang='lat' dir='ltr'><strong>et</strong></span> <span class='ocrx_word' id='word_1_222' title='bbox 1603 2037 1670 2082; x_wconf 88' lang='lat' dir='ltr'><strong>ita</strong></span> <span class='ocrx_word' id='word_1_223' title='bbox 1707 2034 1804 2082; x_wconf 91' lang='lat' dir='ltr'><strong>illis</strong></span> <span class='ocrx_word' id='word_1_224' title='bbox 1838 2039 1896 2080; x_wconf 80' lang='lat'><strong>25</strong></span> 
     </span>
     <span class='ocr_line' id='line_1_27' title="bbox 124 2106 1801 2172; baseline 0 -17"><span class='ocrx_word' id='word_1_225' title='bbox 124 2109 354 2172; x_wconf 85' lang='lat' dir='ltr'><strong>contigit,</strong></span> <span class='ocrx_word' id='word_1_226' title='bbox 408 2113 458 2155; x_wconf 91' lang='lat' dir='ltr'><strong>et</strong></span> <span class='ocrx_word' id='word_1_227' title='bbox 511 2122 641 2155; x_wconf 91' lang='lat' dir='ltr'><strong>unus</strong></span> <span class='ocrx_word' id='word_1_228' title='bbox 690 2106 888 2155; x_wconf 90' lang='lat' dir='ltr'><strong>illorum</strong></span> <span class='ocrx_word' id='word_1_229' title='bbox 943 2108 1232 2170; x_wconf 87' lang='lat' dir='ltr'><strong>sanguinem</strong></span> <span class='ocrx_word' id='word_1_230' title='bbox 1286 2108 1513 2156; x_wconf 89' lang='lat' dir='ltr'><strong>deiusum</strong></span> <span class='ocrx_word' id='word_1_231' title='bbox 1568 2107 1801 2171; x_wconf 83' lang='lat' dir='ltr'><strong>produxit</strong></span> 
     </span>
     <span class='ocr_line' id='line_1_28' title="bbox 122 2180 1801 2244; baseline 0.001 -16"><span class='ocrx_word' id='word_1_232' title='bbox 122 2181 330 2228; x_wconf 88' lang='lat' dir='ltr'><strong>nimium</strong></span> <span class='ocrx_word' id='word_1_233' title='bbox 375 2186 424 2228; x_wconf 91' lang='lat' dir='ltr'><strong>et</strong></span> <span class='ocrx_word' id='word_1_234' title='bbox 468 2180 773 2244; x_wconf 89' lang='lat' dir='ltr'><strong>periclitatus</strong></span> <span class='ocrx_word' id='word_1_235' title='bbox 815 2186 890 2228; x_wconf 92' lang='lat' dir='ltr'><strong>est</strong></span> <span class='ocrx_word' id='word_1_236' title='bbox 930 2194 1085 2243; x_wconf 88' lang='lat' dir='ltr'><strong>usque</strong></span> <span class='ocrx_word' id='word_1_237' title='bbox 1133 2180 1192 2227; x_wconf 89' lang='lat' dir='ltr'><strong>ad</strong></span> <span class='ocrx_word' id='word_1_238' title='bbox 1232 2188 1455 2229; x_wconf 88' lang='lat' dir='ltr'><strong>mortem.</strong></span> <span class='ocrx_word' id='word_1_239' title='bbox 1526 2181 1801 2229; x_wconf 89' lang='lat' dir='ltr'><strong>remedium</strong></span> 
     </span>
     <span class='ocr_line' id='line_1_29' title="bbox 123 2253 1799 2317; baseline 0.001 -16"><span class='ocrx_word' id='word_1_240' title='bbox 123 2268 240 2316; x_wconf 84' lang='lat' dir='ltr'><strong>ergo</strong></span> <span class='ocrx_word' id='word_1_241' title='bbox 279 2255 422 2302; x_wconf 89' lang='lat' dir='ltr'><strong>istius</strong></span> <span class='ocrx_word' id='word_1_242' title='bbox 474 2255 547 2301; x_wconf 88' lang='lat' dir='ltr'><strong>rei</strong></span> <span class='ocrx_word' id='word_1_243' title='bbox 596 2255 764 2302; x_wconf 90' lang='lat' dir='ltr'><strong>vinum</strong></span> <span class='ocrx_word' id='word_1_244' title='bbox 812 2259 953 2301; x_wconf 90' lang='lat' dir='ltr'><strong>vetus</strong></span> <span class='ocrx_word' id='word_1_245' title='bbox 1009 2259 1058 2300; x_wconf 92' lang='lat' dir='ltr'><strong>et</strong></span> <span class='ocrx_word' id='word_1_246' title='bbox 1112 2253 1274 2301; x_wconf 90' lang='lat' dir='ltr'><strong>oleum</strong></span> <span class='ocrx_word' id='word_1_247' title='bbox 1329 2253 1550 2317; x_wconf 90' lang='lat' dir='ltr'><strong>tepidum</strong></span> <span class='ocrx_word' id='word_1_248' title='bbox 1598 2253 1799 2302; x_wconf 88' lang='lat' dir='ltr'><strong>adsidue</strong></span> 
     </span>
     <span class='ocr_line' id='line_1_30' title="bbox 124 2325 1800 2391; baseline 0.001 -18"><span class='ocrx_word' id='word_1_249' title='bbox 124 2325 239 2373; x_wconf 85' lang='lat' dir='ltr'><strong>dare</strong></span> <span class='ocrx_word' id='word_1_250' title='bbox 279 2325 374 2374; x_wconf 85' lang='lat' dir='ltr'><strong>illis</strong></span> <span class='ocrx_word' id='word_1_251' title='bbox 406 2325 690 2391; x_wconf 88' lang='lat' dir='ltr'><strong>bibendum,</strong></span> <span class='ocrx_word' id='word_1_252' title='bbox 724 2332 780 2374; x_wconf 89' lang='lat' dir='ltr'><strong>ut</strong></span> <span class='ocrx_word' id='word_1_253' title='bbox 810 2327 965 2390; x_wconf 90' lang='lat' dir='ltr'><strong>possit</strong></span> <span class='ocrx_word' id='word_1_254' title='bbox 987 2325 1107 2374; x_wconf 86' lang='lat' dir='ltr'><strong>illud</strong></span> <span class='ocrx_word' id='word_1_255' title='bbox 1140 2341 1384 2375; x_wconf 88' lang='lat' dir='ltr'><strong>venenum</strong></span> <span class='ocrx_word' id='word_1_256' title='bbox 1423 2328 1800 2391; x_wconf 89' lang='lat' dir='ltr'><strong>contemperari.</strong></span> 
     </span>
    </p>

    <p class='ocr_par' dir='ltr' id='par_1_5' title="bbox 29 2398 1899 2609">
     <span class='ocr_line' id='line_1_31' title="bbox 29 2398 1899 2464; baseline 0.001 -18"><span class='ocrx_word' id='word_1_257' title='bbox 29 2409 236 2454; x_wconf 79' lang='lat' dir='ltr'><strong>2611am</strong></span> <span class='ocrx_word' id='word_1_258' title='bbox 283 2398 342 2446; x_wconf 91' lang='lat' dir='ltr'><strong>de</strong></span> <span class='ocrx_word' id='word_1_259' title='bbox 391 2401 578 2448; x_wconf 86' lang='lat' dir='ltr'><strong>sturnis</strong></span> <span class='ocrx_word' id='word_1_260' title='bbox 625 2399 860 2448; x_wconf 89' lang='lat' dir='ltr'><strong>adserunt</strong></span> <span class='ocrx_word' id='word_1_261' title='bbox 905 2406 1134 2447; x_wconf 89' lang='lat' dir='ltr'><strong>auctores</strong></span> <span class='ocrx_word' id='word_1_262' title='bbox 1181 2401 1392 2448; x_wconf 87' lang='lat' dir='ltr'><strong>cicutam</strong></span> <span class='ocrx_word' id='word_1_263' title='bbox 1437 2399 1640 2448; x_wconf 89' lang='lat' dir='ltr'><strong>herbam</strong></span> <span class='ocrx_word' id='word_1_264' title='bbox 1693 2399 1805 2464; x_wconf 90' lang='lat' dir='ltr'><strong>plus</strong></span> <span class='ocrx_word' id='word_1_265' title='bbox 1841 2408 1899 2447; x_wconf 91' lang='lat'><strong>30</strong></span> 
     </span>
     <span class='ocr_line' id='line_1_32' title="bbox 124 2471 1803 2536; baseline 0 -16"><span class='ocrx_word' id='word_1_266' title='bbox 124 2487 286 2520; x_wconf 87' lang='lat' dir='ltr'><strong>amare</strong></span> <span class='ocrx_word' id='word_1_267' title='bbox 327 2478 376 2520; x_wconf 90' lang='lat' dir='ltr'><strong>et</strong></span> <span class='ocrx_word' id='word_1_268' title='bbox 414 2472 673 2521; x_wconf 87' lang='lat' dir='ltr'><strong>comedere</strong></span> <span class='ocrx_word' id='word_1_269' title='bbox 713 2487 860 2535; x_wconf 89' lang='lat' dir='ltr'><strong>quam</strong></span> <span class='ocrx_word' id='word_1_270' title='bbox 899 2471 1014 2520; x_wconf 91' lang='lat' dir='ltr'><strong>alias</strong></span> <span class='ocrx_word' id='word_1_271' title='bbox 1054 2471 1245 2520; x_wconf 83' lang='lat' dir='ltr'><strong>herbaS.</strong></span> <span class='ocrx_word' id='word_1_272' title='bbox 1308 2472 1438 2521; x_wconf 87' lang='lat' dir='ltr'><strong>unde</strong></span> <span class='ocrx_word' id='word_1_273' title='bbox 1479 2475 1684 2536; x_wconf 89' lang='lat' dir='ltr'><strong>contigit</strong></span> <span class='ocrx_word' id='word_1_274' title='bbox 1708 2472 1803 2521; x_wconf 90' lang='lat' dir='ltr'><strong>illis</strong></span> 
     </span>
     <span class='ocr_line' id='line_1_33' title="bbox 127 2544 1113 2609; baseline 0 -16"><span class='ocrx_word' id='word_1_275' title='bbox 127 2547 358 2593; x_wconf 87' lang='lat' dir='ltr'><strong>comestis</strong></span> <span class='ocrx_word' id='word_1_276' title='bbox 397 2544 456 2592; x_wconf 90' lang='lat' dir='ltr'><strong>ad</strong></span> <span class='ocrx_word' id='word_1_277' title='bbox 495 2547 782 2608; x_wconf 86' lang='lat' dir='ltr'><strong>gravitatem</strong></span> <span class='ocrx_word' id='word_1_278' title='bbox 824 2544 1113 2609; x_wconf 85' lang='lat' dir='ltr'><strong>perducere.</strong></span> 
     </span>
    </p>

    <p class='ocr_par' dir='ltr' id='par_1_6' title="bbox 35 2614 1904 2828">
     <span class='ocr_line' id='line_1_34' title="bbox 35 2614 1810 2683; baseline 0.001 -18"><span class='ocrx_word' id='word_1_279' title='bbox 35 2621 97 2664; x_wconf 80' lang='lat'><strong>27</strong></span> <span class='ocrx_word' id='word_1_280' title='bbox 240 2633 412 2676; x_wconf 83' lang='lat' dir='ltr'><strong>carnes</strong></span> <span class='ocrx_word' id='word_1_281' title='bbox 451 2633 567 2666; x_wconf 88' lang='lat' dir='ltr'><strong>vero</strong></span> <span class='ocrx_word' id='word_1_282' title='bbox 608 2618 668 2666; x_wconf 92' lang='lat' dir='ltr'><strong>de</strong></span> <span class='ocrx_word' id='word_1_283' title='bbox 700 2617 906 2682; x_wconf 87' lang='lat' dir='ltr'><strong>gruibus</strong></span> <span class='ocrx_word' id='word_1_284' title='bbox 941 2618 1191 2667; x_wconf 90' lang='lat' dir='ltr'><strong>interdum</strong></span> <span class='ocrx_word' id='word_1_285' title='bbox 1223 2634 1312 2683; x_wconf 85' lang='lat' dir='ltr'><strong>pro</strong></span> <span class='ocrx_word' id='word_1_286' title='bbox 1358 2619 1601 2667; x_wconf 88' lang='lat' dir='ltr'><strong>desiderio</strong></span> <span class='ocrx_word' id='word_1_287' title='bbox 1637 2614 1810 2682; x_wconf 83' lang='lat' dir='ltr'><strong>&lt;prae-</strong></span> 
     </span>
     <span class='ocr_line' id='line_1_35' title="bbox 130 2689 1809 2755; baseline 0.001 -17"><span class='ocrx_word' id='word_1_288' title='bbox 130 2689 422 2755; x_wconf 88' lang='lat' dir='ltr'><strong>sumantur&gt;</strong></span> <span class='ocrx_word' id='word_1_289' title='bbox 466 2693 579 2754; x_wconf 89' lang='lat' dir='ltr'><strong>quia</strong></span> <span class='ocrx_word' id='word_1_290' title='bbox 619 2699 668 2739; x_wconf 91' lang='lat' dir='ltr'><strong>et</strong></span> <span class='ocrx_word' id='word_1_291' title='bbox 706 2693 840 2755; x_wconf 88' lang='lat' dir='ltr'><strong>ipsae</strong></span> <span class='ocrx_word' id='word_1_292' title='bbox 872 2693 1037 2755; x_wconf 88' lang='lat' dir='ltr'><strong>nigras</strong></span> <span class='ocrx_word' id='word_1_293' title='bbox 1087 2707 1262 2740; x_wconf 88' lang='lat' dir='ltr'><strong>carnes</strong></span> <span class='ocrx_word' id='word_1_294' title='bbox 1309 2691 1491 2740; x_wconf 89' lang='lat' dir='ltr'><strong>habent</strong></span> <span class='ocrx_word' id='word_1_295' title='bbox 1545 2698 1594 2740; x_wconf 88' lang='lat' dir='ltr'><strong>et</strong></span> <span class='ocrx_word' id='word_1_296' title='bbox 1632 2691 1809 2740; x_wconf 89' lang='lat' dir='ltr'><strong>melan-</strong></span> 
     </span>
     <span class='ocr_line' id='line_1_36' title="bbox 130 2763 1904 2828; baseline -0.001 -16"><span class='ocrx_word' id='word_1_297' title='bbox 130 2763 374 2812; x_wconf 86' lang='lat' dir='ltr'><strong>cholicum</strong></span> <span class='ocrx_word' id='word_1_298' title='bbox 411 2763 670 2812; x_wconf 87' lang='lat' dir='ltr'><strong>humorem</strong></span> <span class='ocrx_word' id='word_1_299' title='bbox 708 2772 959 2828; x_wconf 88' lang='lat' dir='ltr'><strong>generant.</strong></span> <span class='ocrx_word' id='word_1_300' title='bbox 1848 2772 1904 2812; x_wconf 89' lang='lat'><strong>35</strong></span> 
     </span>
    </p>

    <p class='ocr_par' dir='ltr' id='par_1_7' title="bbox 41 2836 1815 2902">
     <span class='ocr_line' id='line_1_37' title="bbox 41 2836 1815 2902; baseline 0.002 -20"><span class='ocrx_word' id='word_1_301' title='bbox 41 2837 105 2882; x_wconf 82' lang='lat'><strong>28</strong></span> <span class='ocrx_word' id='word_1_302' title='bbox 244 2836 468 2901; x_wconf 89' lang='lat' dir='ltr'><strong>perdices</strong></span> <span class='ocrx_word' id='word_1_303' title='bbox 507 2836 664 2886; x_wconf 86' lang='lat' dir='ltr'><strong>bonae</strong></span> <span class='ocrx_word' id='word_1_304' title='bbox 704 2843 834 2902; x_wconf 92' lang='lat' dir='ltr'><strong>sunt,</strong></span> <span class='ocrx_word' id='word_1_305' title='bbox 873 2839 1081 2886; x_wconf 86' lang='lat' dir='ltr'><strong>maxime</strong></span> <span class='ocrx_word' id='word_1_306' title='bbox 1118 2846 1319 2902; x_wconf 84' lang='lat' dir='ltr'><strong>pectora</strong></span> <span class='ocrx_word' id='word_1_307' title='bbox 1351 2839 1582 2902; x_wconf 90' lang='lat' dir='ltr'><strong>ipsarum.</strong></span> <span class='ocrx_word' id='word_1_308' title='bbox 1632 2845 1815 2902; x_wconf 86' lang='lat' dir='ltr'><strong>coctae,</strong></span> 
     </span>
    </p>
   </div>
  </div>
 </body>
</html>
