2060 3294
788 171 1147 224 „15—

127 309 324 372 corpori
360 306 536 356 melius
587 320 731 369 quam
779 305 901 356 alter
951 305 1091 355 cibus
1143 312 1193 355 et
1237 308 1370 355 sanis
1415 305 1727 355 hominibus·
1761 314 1810 356 et

123 381 347 429 infirmis,
426 381 493 429 ita
545 386 709 428 tamen
763 379 881 428 fiant
918 386 975 428 ut
1024 381 1075 428 in
1127 379 1288 443 tepida
1348 394 1474 443 aqua
1533 381 1808 444 mittantur,

123 453 200 502 vel
238 454 447 502 maxime
485 454 536 501 in
576 451 765 517 frigida,
798 458 848 500 et
886 453 958 500 sic
997 460 1275 516 coquantur
1312 452 1446 502 lento
1479 452 1612 518 foco,
1651 459 1734 501 aut
1757 453 1810 501 in

127 525 424 575 carbonibus
462 525 695 590 paulatim
727 524 962 575 calefiant.
1031 525 1113 574 illa
1143 540 1269 589 aqua
1301 527 1374 575 sic
1403 532 1631 589 penetrat
1659 527 1809 574 intuS.

126 614 238 648 nam
278 600 320 647 si
358 601 409 646 in
448 599 658 646 ferventi
698 612 823 661 aqua
854 599 1002 646 missa
1034 598 1235 662 fuerint,
1266 598 1495 648 albumen
1527 598 1811 662 coagulatur
1842 605 1878 646 5-

122 680 176 721 et
212 670 480 721 mediolum
519 670 636 720 illud
684 671 822 719 tarde
872 673 1025 720 sentit
1071 678 1120 720 et
1166 672 1362 720 devenit
1411 673 1808 736 intemperatum,

128 751 178 794 et
218 745 302 808 qui
342 747 412 793 sic
451 745 700 808 acceperit
737 750 963 792 nocetur.
1032 759 1144 793 nam
1184 746 1313 793 sicut
1359 747 1591 808 superius
1629 744 1728 794 dixi
1768 746 1810 792 si

126 819 193 867 ita
232 818 418 866 fuerint
449 817 589 882 facta,
619 816 746 865 bene
780 818 1093 866 conveniunt.
1156 825 1205 866 et
1235 824 1399 866 tamen
1432 833 1627 882 semper
1659 832 1810 866 cocus

124 893 276 955 agitet
314 905 428 939 cum
469 889 671 955 spatula.
742 897 908 938 tamen
955 892 1235 939 recentiora
1285 906 1373 939 ova
1423 891 1627 939 meliora
1677 897 1806 939 sunt.

33 962 99 1009 86
235 963 360 1013 dura
398 979 515 1012 vero
555 978 644 1012 ova
683 969 768 1012 aut
805 978 864 1011 ex
904 978 1023 1012 casu
1069 963 1313 1027 quomodo
1360 966 1412 1012 in
1458 966 1664 1028 inpensa
1716 978 1800 1028 po-
1838 973 1900 1012 10⁴

119 1043 323 1103 nuntur‚
362 1036 629 1086 mediolum
666 1043 858 1085 tantum
889 1043 1246 1103 praesumatur.
1306 1052 1419 1086 nam
1449 1036 1678 1086 albumen
1711 1037 1798 1086 du-

69 1117 81 1145 -’
119 1125 232 1159 rum
276 1110 463 1159 factum
508 1125 607 1158 non
654 1110 914 1159 coniicitur
959 1112 1180 1176 penitUS,
1229 1110 1316 1159 sed
1372 1118 1422 1159 et
1468 1109 1800 1174 corruptelam

121 1190 323 1246 generat
360 1185 541 1248 ventri,
581 1190 631 1232 et
668 1198 769 1232 non
807 1185 940 1232 iuvat
978 1183 1065 1232 sed
1104 1185 1258 1247 magis
1295 1190 1456 1233 nocet.
1529 1183 1801 1232 cavendum

121 1271 238 1320 ergo
278 1258 475 1305 omnino
516 1255 760 1304 albumina
784 1271 990 1304 ovorum
1021 1256 1143 1304 dura
1175 1257 1322 1306 facta:
1362 1256 1570 1306 mediola
1594 1271 1800 1305 ovorum

122 1331 269 1377 etiam
318 1329 517 1377 sorbilia
589 1329 714 1378 facta
774 1328 885 1392 plus
939 1344 1156 1394 congrua
1211 1337 1328 1379 sunt
1381 1332 1604 1395 corpori,
1673 1331 1803 1378 sicut
1835 1336 1890 1378 15

123 1408 351 1451 auctores
390 1403 582 1451 docent.

35 1485 94 1529 37
238 1477 463 1523 anserina
502 1490 617 1523 vera
656 1490 744 1523 ova
791 1476 897 1524 sani
946 1475 1172 1523 homines
1224 1476 1506 1539 comedent,
1559 1482 1724 1524 tamen
1764 1482 1814 1524 et

97 1550 230 1612 :ipsa
267 1548 378 1613 plus
418 1547 631 1597 sorbilia.
693 1563 807 1597 nam
846 1555 896 1598 et
934 1550 1040 1613 ipsa
1073 1550 1115 1597 si
1154 1548 1277 1598 dura
1316 1550 1525 1614 fuerint,
1574 1548 1696 1598 illud
1744 1549 1809 1596 al-

126 1621 309 1670 bumen
348 1622 562 1685 graviter
600 1629 760 1670 nocet.

35 1698 97 1743 38
241 1695 478 1743 fasianina
517 1709 604 1742 ova
644 1694 771 1743 bona
810 1701 941 1760 sunt,
981 1694 1068 1743 sed
1108 1694 1309 1743 meliora
1348 1694 1614 1758 gallinacia.
1846 1704 1901 1745 20

242 1766 398 1816 Omne
439 1783 595 1832 genus
634 1767 808 1816 boliti
840 1783 986 1831 grave
1024 1775 1099 1816 est
1130 1775 1179 1816 et
1208 1768 1520 1831 indigestum.
1559 1769 1812 1817 mussirio-

134 1856 222 1889 nes
261 1855 378 1889 vero
419 1849 468 1889 et
507 1841 698 1890 tuferae
735 1840 966 1889 meliores
1004 1840 1066 1889 ab
1105 1841 1212 1890 aliis
1251 1840 1414 1890 bolitis
1454 1848 1584 1890 sunt.

41 1919 103 1963 39
252 1913 320 1962 De
359 1915 614 1978 piscium
654 1916 844 1962 ratione
884 1915 969 1977 qui
1005 1915 1058 1962 in
1095 1914 1172 1962 his
1211 1913 1434 1978 partibus
1475 1922 1612 1980 sunt,
1651 1921 1815 1963 tructa

135 1996 184 2036 et
221 2002 370 2051 perca
410 1989 624 2051 aptiores
665 1994 780 2036 sunt
819 1987 877 2035 ab
917 1986 1022 2035 aliis
1060 1986 1294 2051 piscibus,

38 2066 102 2111 40
243 2059 404 2108 lucius
442 2062 593 2124 piscis
634 2068 683 2108 et
720 2062 826 2124 ipse
867 2059 1040 2109 bonus.
1103 2062 1242 2124 operi
1280 2075 1396 2108 vero
1438 2060 1568 2124 quod
1609 2061 1669 2109 de
1699 2063 1807 2125 ipso
1841 2070 1897 2110 25

132 2133 187 2181 fit
226 2148 430 2197 spumeo
471 2133 700 2182 albumen
740 2133 799 2182 de
839 2148 930 2181 ovo
979 2134 1049 2181 sic
1095 2135 1362 2182 misceatur
1400 2141 1456 2182 ut
1500 2133 1690 2182 modice
1742 2141 1811 2182 te-

128 2221 304 2254 nerum
346 2208 410 2254 sit
450 2222 596 2270 quam
635 2206 830 2271 durum,
870 2213 918 2254 et
958 2213 1231 2255 comestum
1270 2221 1369 2254 non
1408 2214 1594 2255 nocet.›

39 2284 119 2329 41-
241 2278 301 2327 de
341 2294 486 2328 esoce
526 2295 641 2328 vero
683 2279 878 2343 quando
917 2294 1094 2328 recens
1133 2280 1284 2327 fuerit
1323 2279 1622 2328 comedatur.
1684 2281 1727 2328 si
1751 2279 1811 2328 de

125 2350 351 2415 pluribus
397 2352 571 2401 diebus
622 2353 793 2417 fuerit,
857 2359 1025 2416 gravat
1073 2352 1392 2402 stomachum.
1462 2360 1720 2416 praeterea
1771 2354 1813 2401 si

127 2423 241 2472 salsi
280 2431 410 2490 sunt,
448 2440 619 2489 graves
659 2431 775 2474 sunt
815 2432 863 2473 et
901 2425 1054 2474 malos
1093 2425 1327 2474 humores
1366 2427 1606 2474 nutriunt.
1675 2427 1803 2475 cutis
1836 2436 1893 2475 30

126 2511 243 2545 vero
297 2499 456 2546 esocis
508 2500 663 2562 ipsius
719 2498 963 2562 quomodo
1015 2499 1171 2547 frixus
1218 2499 1391 2565 fuerit,
1451 2500 1650 2562 penitus
1705 2514 1806 2547 non

126 2569 466 2634 manducetur,
507 2573 620 2634 quia
658 2573 871 2635 graviter
910 2578 1069 2620 nocet.

38 2650 100 2695 42
238 2643 483 2706 platenses
523 2659 638 2692 vero
677 2643 752 2693 vel
786 2644 946 2693 soleae
971 2659 1125 2693 unum
1150 2659 1306 2708 genus
1331 2651 1419 2694 est.
1491 2660 1614 2708 quae
1647 2644 1803 2698 bonae

129 2722 178 2763 et
217 2725 461 2779 congruae
502 2722 618 2765 sunt
663 2717 814 2765 elixae
861 2719 912 2766 in
960 2717 1057 2766 sale
1106 2725 1156 2766 et
1194 2717 1314 2766 oleo.
1379 2732 1503 2781 quae
1554 2719 1700 2767 etiam
1756 2725 1804 2766 et

128 2788 336 2837 infirmis
376 2791 494 2838 satis
534 2791 844 2840 conveniunt.
1837 2800 1892 2840 35

41 2867 101 2913 43
241 2861 479 2926 anguillae
528 2877 644 2911 vero
693 2877 816 2926 quae
870 2864 922 2911 in
966 2862 1127 2927 glarea
1178 2878 1351 2927 aspera
1401 2863 1476 2911 vel
1521 2865 1572 2912 in
1621 2865 1806 2912 saxosis
