2060 3294
1007 853 1264 915 Index.

293 1057 355 1101 ab
394 1058 516 1113 (post
562 1070 782 1112 compar„
833 1057 890 1110 cf.
938 1056 1084 1110 Hipp.

323 1117 376 1159 de
418 1117 530 1159 cibis
572 1120 612 1159 2.
647 1121 686 1159 5.
730 1120 782 1158 15
816 1115 984 1158 Anecd.
1029 1114 1085 1167 ΙΙ,

229 1184 232 1187 ·
326 1179 426 1218 151.
462 1174 585 1218 Orib.
620 1175 698 1218 zat.
732 1173 810 1216 VI
831 1187 881 1228 p.
915 1179 980 1217 19.
1016 1177 1085 1216 36.

324 1238 379 1277 43
399 1235 516 1288 etc.):
547 1233 763 1277 meliores
795 1233 854 1276 ab
879 1232 982 1276 aliis
1008 1232 1087 1275 bo-

322 1291 430 1336 letis
473 1293 580 1334 sunt
621 1297 691 1336 38.
735 1291 939 1347 aptiores
983 1291 1089 1333 sunt

325 1351 383 1394 ab
415 1349 518 1394 aliis
549 1350 754 1406 piscibus
786 1355 855 1393 39.

294 1409 496 1454 abintus
529 1410 601 1464 (cf.
636 1408 836 1465 deintus)
868 1413 938 1452 58.

294 1467 468 1512 acedia
499 1467 708 1523 (acediva
732 1468 873 1521 codd„
904 1481 989 1511 rec.
1015 1481 1088 1511 ac-

325 1526 447 1570 cidia
471 1526 586 1570 Diez
605 1526 681 1569 Et.
707 1526 740 1580 I,
768 1532 867 1570 6=
885 1521 1088 1581 ἄκήδεια

325 1584 561 1639 „taedium
593 1586 640 1628 ct
670 1585 878 1628 anxietas
907 1584 1086 1628 cordis“

325 1658 400 1699 ap.
422 1644 518 1686 ·Du
553 1642 617 1698 Ο.)
641 1644 740 1698 prs.

295 1702 460 1746 acctat
489 1703 519 1746 i.
543 1715 575 1746 e
604 1702 776 1756 acescit,
796 1697 939 1754 ὀξίζει
956 1701 1087 1745 Aleae.

327 1766 367 1815 2,
401 1766 531 1805 89=
546 1774 613 1816 qr.
630 1760 743 1804 Bas.
772 1764 883 1803 1556
912 1774 959 1816 p.
988 1764 1088 1803 440.

326 1825 367 1885 3,
401 1824 425 1863 9
471 1819 680 1863 oximel.
717 1825 770 1862 5.
802 1832 896 1862 non
937 1820 1091 1862 acetat

324 1877 375 1920 in
391 1878 631 1921 stomacho
650 1891 763 1933 quae
779 1878 915 1920 verba
931 1878 1092 1921 desunt

325 1938 376 1979 in
406 1950 472 1992 yr.
506 1951 556 1991 p.
590 1940 683 1980 680
712 1949 813 1991 sup.
848 1941 895 1990 2,
929 1941 984 1980 83
1017 1937 1091 1979 lac

326 2029 335 2039 .
363 2030 372 2038 .
400 2029 408 2038 .
442 1995 610 2039 acetat.
643 1994 700 2048 cf.
734 1994 879 2038 acitat
913 1994 988 2038 Or.
1018 1995 1093 2038 La

325 2053 391 2095 VI
395 2088 404 2106 ,
419 2054 508 2109 22):
524 2053 599 2096 lac
615 2053 738 2108 quod
754 2053 1009 2096 acetaverit
1022 2058 1091 2096 78.

296 2112 359 2155 ad
390 2112 565 2156 horam
604 2112 811 2166 (adhora‚
844 2112 986 2155 adora
1004 2112 1092 2155 GA

329 2192 383 2206 =
415 2173 580 2226 recens)
615 2175 683 2214 10.
721 2175 788 2214 14.
822 2175 891 2214 23.
925 2175 993 2213 25.
1022 2177 1089 2214 51.

329 2233 397 2272 54.
432 2233 500 2272 60.

298 2287 523 2331 adiectus
548 2289 669 2342 (opp.
687 2287 955 2340 naturalis):
985 2287 1094 2343 quia

326 2359 419 2388 non
450 2347 521 2389 est
557 2345 640 2388 1113
673 2345 836 2402 sagina
868 2346 1092 2389 naturalis

329 2403 410 2447 sed
441 2403 622 2447 adiecta
653 2409 722 2448 22.

299 2462 590 2506 admollirez
623 2462 662 2505 si
681 2496 733 2507 ...
753 2461 894 2505 cruda
909 2464 1089 2518 (pruna)

331 2555 339 2563 .
375 2555 383 2563 .
418 2555 427 2563 .
459 2534 542 2576 per
573 2519 669 2563 dies
702 2519 882 2575 aliquos
915 2520 1090 2564 admol-

327 2578 486 2622 lierint
516 2583 584 2623 86.

299 2648 531 2680 aeramen
570 2638 689 2692 (opp.
739 2637 833 2680 olla
871 2650 928 2680 sc.
977 2637 1087 2680 ficti

329 2695 405 2751 lis)
437 2700 505 2739 75.

297 2754 571 2808 afratum(—
574 2755 665 2808 tus,
682 2755 754 2796 -tu
771 2753 925 2797 GA=
871 2748 1092 2807 -ἀφρω·

328 2809 424 2868 τόν,
458 2813 689 2856 astutum?
723 2812 779 2865 cf.
806 2813 927 2855 Isid.
953 2816 1024 2866 20,
1051 2818 1090 2863 2,

330 2875 386 2914 29
418 2870 619 2914 afratum
651 2871 710 2914 al.
742 2870 946 2913 afrutum
969 2846 1093 2925 quod

1205 1055 1350 1170 &tigne
1391 1070 1631 1112 spumeum
1662 1048 1870 1115 vocatui)
1914 1063 1973 1103 34

1245 1128 1291 1157 ei

1178 1187 1373 1241 agitare
1384 1189 1646 1243 (umriihren
1662 1189 1795 1244 Apio
1807 1190 1938 1233 Alex.
1942 1192 1972 1246 >·

1208 1259 1344 1289 cocus
1384 1245 1532 1302 agitet
1563 1261 1669 1290 cum
1699 1248 1885 1304 spatula
1915 1252 1997 1292 35

1178 1309 1463 1416 agssellinae
1496 1377 1655 1408 carnes
1687 1368 1729 1408 5.

1179 1435 1333 1538 agilum
1351 1435 1550 1492 (GABq,
1573 1450 1656 1480 rec.
1675 1437 1837 1480 allium
1865 1437 1974 1493 Pzp)

1179 1567 1437 1612 aloxinum
1465 1569 1540 1623 (cf.
1556 1569 1670 1624 hisp.
1689 1568 1824 1612 aloxa
1839 1569 1908 1613 vel
1923 1574 1977 1613 ut

1208 1639 1333 1670 mmo
1369 1627 1589 1670 scribitur
1626 1626 1773 1683 aloja,
1820 1628 1974 1684 honiy-

1207 1685 1376 1729 wasser
1405 1706 1461 1722 =
1491 1686 1870 1742 honiywiirzwein
1892 1699 1974 1730 sec.

1212 1744 1288 1787 Jo.
1329 1744 1382 1787 de
1423 1744 1589 1788 Janua
1627 1745 1756 1800 apud
1795 1744 1879 1787 Du
1911 1745 1993 1801 G„-

1209 1815 1269 1846 sc.
1301 1803 1455 1846 medus
1485 1817 1586 1848 cum
1610 1803 1836 1846 absinthio
1861 1804 1976 1846 mix-

1210 1865 1297 1915 tus,
1323 1858 1448 1911 οἶνος
1472 1857 1730 1917 ἀψινθίτης
1751 1861 1904 1906 Diosc.
1931 1866 1976 1914 5,

1212 1924 1281 1963 49.
1314 1934 1422 1963 ‘nam
1465 1920 1658 1963 alahsan
1689 1919 1977 1964 absinthium

1211 1991 1291 2022 sec.
1336 1979 1466 2033 yloss.
1507 1980 1602 2025 cod.
1635 1977 1683 2022 S.
1718 1978 1847 2022 Galli
1877 1983 1975 2023 292

1213 2051 1287 2091 ap.
1309 2036 1456 2091 Graff.
1490 2038 1527 2079 I
1547 2040 1642 2082 237
1674 2041 1715 2080 et
1747 2036 1976 2092 „absintio

1213 2094 1427 2139 31011130ιι
1458 2097 1587 2152 gloss.
1612 2095 1733 2151 Any.
1763 2110 1837 2151 ap.
1861 2095 1978 2139 Diez

1212 2154 1404 2199 Altrom.
1445 2153 1668 2198 Glossare.
1695 2154 1838 2196 Bonn
1863 2157 1976 2198 1865

1205 2226 1255 2268 p.
1288 2216 1360 2256 40.
1390 2213 1446 2266 cf.
1481 2212 1665 2268 ἅτερον.
1702 2212 1812 2255 Tur.
1846 2215 1887 2267 8,
1920 2217 1973 2255 31

1213 2285 1340 2326 quem
1386 2272 1496 2314 citat
1543 2270 1727 2313 Gruner
1778 2271 1975 2326 nosoloq.

1212 2330 1366 2372 histor.
1430 2328 1574 2372 Jenae
1628 2332 1741 2372 1795
1789 2342 1839 2384 p.
1890 2333 1976 2372 439

1213 2386 1387 2489 „gfibiilzl
1407 2386 1710 2488 abffithium‘o
1733 2401 1837 2430 cum
1857 2387 1976 2488 grino

1214 2459 1238 2489 e
1276 2459 1349 2489 me
1390 2460 1468 2489 em
1539 2461 1680 2500 um,u
1725 2459 1840 2488 mos
1898 2459 1975 2489 ar-

1211 2505 1470 2548 barorum
1501 2504 1731 2559 habet“)
1765 2508 1834 2549 15.

1182 2577 1314 2620 alter
1332 2579 1407 2632 (=
1421 2578 1555 2630 alius,
1586 2578 1635 2620 it.
1655 2578 1790 2632 altro)
1809 2580 1880 2619 35.
1906 2580 1974 2620 49.

1182 2640 1459 2747 azii’gdalae
1499 2694 1672 2748 (dolas
1713 2693 1775 2747 G,
1817 2706 1974 2736 aman·

1213 2753 1348 2796 dulae
1380 2753 1426 2794 A
1458 2757 1510 2795 ut
1544 2753 1670 2795 Plin.
1702 2752 1813 2796 med.
1846 2750 1975 2793 Rom.

1213 2815 1253 2865 5,
1286 2815 1354 2854 30.
1398 2811 1514 2854 Βία
1555 2810 1636 2854 Et.
1689 2810 1757 2854 W.
1801 2808 1844 2853 1³
1876 2814 1976 2852 261.

1213 2869 1356 2923 Graff
1379 2870 1422 2912 II
1454 2870 1557 2924 817)
1591 2873 1658 2912 90.
