2060 3294
884 165 1239 218 ,54-

223 295 411 350 iugiter
448 293 766 339 febricitantes
798 293 896 338 sine
936 294 1013 338 fri-

252 367 362 410 gore
382 354 452 409 (de
466 354 668 408 febribus
684 354 1015 399 continentibus

251 413 343 456 τῶν
362 412 570 463 διακαῶς
585 409 924 468 πυρεττόντων)
942 416 1012 457 56.

221 471 486 516 inscellum
511 471 663 528 (Apio
682 475 774 527 etc„
797 471 1015 515 iusellum

253 531 309 587 P,
339 529 579 575 iussellum
609 530 759 587 Alex.)
786 531 972 587 passim.

219 648 325 692 laea
374 647 479 705 (ΘΑ
521 649 644 692 lacte
684 653 738 693 76
786 648 843 702 cf.
889 647 1012 692 Orib.

249 707 383 751 lactis
400 721 445 751 n.
462 720 525 763 39.
550 707 650 761 fem.
683 711 735 750 ut
764 706 899 750 lactis
923 707 1014 751 aci-

250 766 330 822 da,
372 765 495 810 bona
533 765 667 810 lactis
699 770 797 821 etc„
843 766 1014 810 lactem

250 826 361 881 acc.)
395 826 522 881 plur.
565 825 711 869 lactes
756 824 889 870 mdsc.
915 825 1012 882 prs.

251 888 318 928 70.
354 888 420 928 75.
457 888 527 928 76.

218 941 465 988 laetantes
495 956 554 987 sc.
593 942 788 998 porcelli
819 942 925 998 (GA
958 964 1013 979 =

248 1001 342 1046 Ed.
372 1001 546 1057 Diocl„
576 1002 802 1045 lactentes
833 1003 911 1058 91³)
944 1006 1012 1046 10.

218 1059 350 1117 lapis
380 1061 481 1115 fem.
508 1061 595 1104 GA
629 1060 825 1116 (lapides
855 1062 1012 1116 puias)

249 1124 303 1163 81
355 1119 422 1163 bis

219 1120 452 1221 lai-hinni
468 1171 546 1235 (Β,
562 1178 773 1223 laredum
791 1178 1013 1232 GA,la1-

249 1236 359 1280 dum
403 1235 462 1280 Ge
499 1251 605 1294 rec„
649 1238 783 1281 etiam
830 1237 1013 1280 laredus

218 1353 404 1399 laurici
436 1356 490 1411 (5³)
521 1355 643 1411 9(P)
684 1356 745 1399 ad
782 1369 833 1411 p.
868 1360 937 1410 19,
970 1360 1009 1398 6.

218 1413 544 1471 le(i)gatarius
576 1415 649 1469 (=
668 1415 857 1470 legyatus)
875 1415 926 1457 in
941 1415 1009 1457 tit.

218 1473 330 1517 lene
363 1474 464 1528 (rec.
497 1474 631 1530 bene)
663 1474 855 1530 tangere
888 1477 957 1516 29.

217 1532 413 1577 levatus
462 1532 612 1588 (panis
651 1533 768 1576 bene
814 1532 1011 1586 levatus,

247 1591 304 1645 cf.
337 1590 455 1634 Ekk.
489 1592 585 1635 ben.
622 1596 688 1635 13.
725 1594 797 1646 14)
832 1596 868 1634 1.

217 1649 486 1704 liquamen*
502 1646 667 1706 (γάρον
690 1650 746 1704 cf.
772 1649 950 1705 Garyil.
975 1663 1010 1693 c.

141 1820 153 1824 ,
218 1767 384 1812 11161113
418 1769 484 1823 (it.
519 1768 676 1823 luccio,
707 1768 848 1823 hecht)
883 1771 950 1810 10.

216 1884 375 1940 magis
407 1885 563 1929 durior
587 1890 656 1928 43.
688 1883 893 1928 tenerius
917 1898 1012 1928 ma—

245 1945 317 2001 gis
361 1959 500 1999 quam
543 1944 701 1987 durius
745 1948 799 1987 33
844 1943 1012 1999 (Alex.)

246 2017 328 2046 om.
343 2007 422 2046 40:
454 2004 635 2047 modice
651 2006 860 2047 tenerum
875 2017 1011 2058 quam

247 2062 413 2105 durum
461 2063 570 2117 (nisi
607 2063 723 2115 forte
776 2076 916 2116 quam
953 2062 1014 2104 sit

240 2134 330 2176 pro
361 2136 469 2164 nam
500 2123 621 2177 non).
656 2121 711 2175 cf.
744 2134 778 2163 3.
811 2121 929 2178 plus.

216 2179 516 2224 manducare
539 2179 814 2236 (mangiare)
831 2179 1012 2235 saepius

246 2238 419 2295 (Apio,
489 2238 638 2294 Alex.)
706 2252 841 2294 quam
891 2251 1009 2282 com·

247 2297 395 2341 edere.

216 2356 470 2400 maturare

247 2416 427 2458 catarro
453 2415 635 2470 quando
666 2414 834 2470 incipit
863 2415 1012 2457 matu-

245 2475 367 2529 rare)
400 2478 470 2517 90.
505 2478 572 2516 60.

217 2531 381 2575 media
411 2534 485 2586 (=
503 2533 697 2575 dimidia
720 2532 777 2585 cf.
806 2531 1010 2576 medium

249 2591 525 2635 coclearium
560 2590 683 2635 Orib.
703 2590 781 2645 VI,
802 2595 898 2634 160.
924 2596 1009 2634 262

247 2651 343 2704 etc.)
376 2655 415 2693 3.
458 2651 560 2694 item
591 2649 816 2693 medietas
840 2650 900 2692 ib.
932 2653 1009 2694 etc.

217 2708 542 2753 medicinales
573 2708 820 2764 (auctores)
848 2708 943 2762 prs.

217 2765 435 2811 mediola
489 2769 560 2822 (--
614 2767 769 2810 media
823 2780 1009 2809 ovorum

246 2825 400 2882 Apio.)
432 2830 501 2869 35.
536 2831 605 2869 36.

218 2883 390 2929 medus
433 2885 554 2940 (ΘΑ,
595 2885 746 2928 metus
785 2884 913 2928 semel
949 2882 1010 2939 A,

517 2357 620 2413 (pro
670 2355 892 2399 maturari
906 2372 915 2398 :
962 2355 1012 2398 in

1134 296 1232 339 met
1247 295 1314 339 vel
1337 309 1436 339 mez
1456 294 1512 352 P,
1546 296 1679 340 medo
1706 296 1824 340 -onis
1838 298 1898 353 lp,

1135 355 1166 397 i.
1201 368 1248 398 »6.
1302 354 1460 397 vinum
1514 355 1563 398 et
1614 355 1707 399 mel
1762 355 1900 399 simul

1136 414 1317 456 coctum
1358 426 1439 457 sec.
1482 414 1612 470 91033.
1653 415 1669 458 l
1713 416 1784 471 15)
1829 419 1898 459 15.

1104 530 1234 574 mela
1264 535 1333 574 84.

1105 589 1265 633 melca
1307 590 1459 645 (milch
1503 590 1612 645 „lac
1644 590 1766 646 quod
1798 604 1897 635 ace-

1133 648 1336 693 taverit“
1344 669 1399 684 ==
1411 650 1607 706 occyyala
1616 649 1674 702 cf.
1684 648 1896 694 Daremb.

1135 708 1196 751 ad
1222 707 1346 751 Orib.
1379 707 1400 750 Ι
1423 721 1474 763 p.
1501 712 1597 751 603.
1627 707 1762 763 Apio.
1796 712 1894 752 308.

1137 767 1318 810 Paulus
1349 767 1426 810 lat.
1452 779 1526 822 ap.
1560 766 1670 811 Sim.
1697 780 1730 810 3,
1749 767 1900 811 melea

1133 826 1213 881 leq.
1245 826 1396 869 melca
1427 839 1544 882 „que
1575 824 1728 882 inquit
1762 839 1790 869 a
1809 826 1901 870 Ro-

1134 883 1282 927 manis
1314 884 1579 940 appellatur
1620 884 1783 928 melca.
1829 886 1900 928 est

1135 944 1290 987 autem
1321 943 1450 986 velut
1480 942 1658 999 aliquid
1689 943 1746 986 de
1777 943 1900 987 lacte

1134 1003 1252 1046 etc.“
1278 1001 1493 1059 „oxigala
1506 1002 1536 1045 i.
1550 1002 1622 1045 lac
1635 1003 1898 1046 acetosum“

1133 1061 1265 1105 Alex.
1291 1066 1331 1116 2,
1357 1066 1413 1104 27
1446 1065 1487 1104 et
1519 1061 1655 1104 Paul.
1689 1074 1764 1116 ap.
1786 1060 1897 1105 Sim.

1133 1133 1166 1162 3.
1200 1133 1240 1162 v.
1277 1119 1400 1164 Orib.
1434 1120 1511 1164 lat.
1545 1119 1621 1175 VI,
1654 1123 1680 1163 8
1714 1140 1770 1156 =
1801 1134 1895 1176 syn.

1135 1182 1176 1232 4,
1209 1184 1234 1222 6
1275 1179 1425 1222 melca
1463 1177 1702 1222 acidonica
1733 1178 1810 1222 Aa
1832 1180 1900 1222 vel

1133 1237 1269 1281 lactis
1308 1237 1442 1281 acida
1473 1237 1547 1281 La
1579 1258 1634 1274 =
1670 1233 1896 1294 ὀξύγαλα)

1102 1354 1320 1398 melones
1353 1353 1501 1409 (Alex.
1524 1354 1699 1398 Ονὶὂαε.
1733 1355 1894 1398 lat.=

1130 1411 1346 1468 πέπονες,
1379 1413 1555 1469 Garyil.
1591 1419 1644 1456 15
1678 1414 1734 1467 cf.
1767 1414 1896 1470 ind..)

1129 1473 1335 1528 ipsorum
1353 1472 1411 1516 ab
1435 1472 1559 1516 intus
1574 1472 1774 1516 maxime
1793 1487 1897 1516 cum

1131 1531 1304 1575 semine
1336 1531 1459 1587 quod
1492 1532 1560 1575 est
1589 1531 1786 1574 mixtum
1820 1532 1893 1587 (cf.

1130 1590 1262 1634 Alex.
1295 1596 1336 1646 3,
1371 1595 1426 1634 64
1459 1590 1515 1633 de
1548 1590 1742 1634 melonis
1778 1589 1896 1634 int-e—

1130 1649 1249 1693 riore
1289 1650 1337 1693 et
1380 1648 1634 1692 cucumeiis
1667 1670 1722 1685 =
1752 1663 1830 1718 qr.
1845 1663 1895 1705 p.

1135 1713 1218 1753 728
1251 1704 1279 1763 ἡ
1298 1709 1390 1751 τῶν
1406 1703 1628 1752 πεπόνων
1644 1703 1894 1764 ἔντεριώνη

1133 1766 1213 1810 καὶ
1255 1764 1442 1810 σικύων.
1506 1770 1666 1821 2,184
1709 1768 1897 1810 utantur

1133 1825 1451 1870 cucumeribus
1505 1825 1554 1869 in
1606 1824 1756 1882 primo
1803 1839 1894 1880 que

1131 1885 1407 1929 intrinsecus
1454 1885 1562 1928 sunt
1600 1886 1647 1928 et
1692 1883 1894 1928 maxime

1131 1943 1334 1987 melones
1366 1947 1443 1988 etc.
1471 1943 1594 1987 Orib.
1628 1944 1704 1987 lat.
1730 1943 1807 1997 VI,
1839 1947 1894 1986 37

1131 2002 1336 2046 melones
1348 2002 1672 2058 melopepones
1686 2013 1895 2045 co'cume—

1131 2061 1194 2105 ris
1220 2082 1275 2097 =
1307 2074 1373 2117 yr.
1397 2073 1577 2117 synops.
1603 2065 1644 2114 4,
1673 2065 1730 2103 34
1755 2059 1894 2112 πέπο-

1132 2137 1210 2171 νες
1247 2118 1567 2176 μηλοπέπονες
1605 2120 1777 2174 clavat,
1819 2120 1896 2162 sed

1130 2180 1312 2234 saepius
1349 2191 1436 2233 pro
1474 2181 1661 2233 utroque
1691 2177 1894 2221 melones

1132 2238 1211 2294 VI,
1243 2241 1312 2281 24.
1341 2240 1396 2280 35
1429 2239 1505 2280 etc.
1538 2240 1696 2280 eontra
1726 2237 1778 2279 v'n
1801 2235 1892 2279 Ed.

1131 2297 1280 2340 Diod.
1341 2308 1544 2351 pepones
1596 2298 1638 2338 et
1690 2294 1892 2349 melope-

1132 2368 1274 2411 pones
1320 2358 1373 2397 ut
1410 2353 1544 2409 Apic.
1588 2358 1641 2396 79
1688 2367 1892 2409 pepones

1133 2415 1180 2456 et
1211 2412 1433 2467 melones)
1466 2416 1535 2455 58.
1582 2413 1638 2466 cf.
1678 2425 1713 2456 3.
1754 2425 1887 2455 cucu-

1132 2486 1293 2515 meres.

1100 2531 1373 2575 minutatus
1407 2532 1479 2585 (=
1495 2530 1683 2584 incisus)
1702 2533 1770 2572 21.
1804 2529 1892 2583 (co-

1130 2589 1364 2632 riandrum
1390 2603 1482 2633 non
1505 2588 1782 2632 minutatum
1812 2587 1891 2631 sed

1130 2648 1380 2704 integrum)
1413 2653 1482 2692 68.

1101 2706 1282 2750 minuti
1313 2706 1526 2763 pisciculi
1558 2710 1626 2749 44.

1101 2765 1388 2809 missorium
1434 2766 1508 2820 (cf.
1557 2765 1784 2809 Sirmoml.
1833 2764 1894 2806 ad

1130 2824 1316 2868 Emwd.
1350 2840 1393 2880 p.
1426 2829 1496 2868 89.
1529 2823 1802 2867 messurium
1833 2822 1892 2876 A,

1130 2886 1182 2927 ut
1213 2883 1333 2928 Isid.
1365 2883 1498 2940 quasi
1529 2896 1558 2926 a
1586 2882 1760 2936 mensa)
1793 2885 1862 2924 34.
