2060 3294
855 197 915 205 -
1001 147 1211 220 ω’-

302 302 570 367 agnellinae
597 317 710 351 vero
736 317 910 351 carnes
934 309 1016 351 aut
1056 302 1114 351 de
1155 302 1323 351 haedis
1348 306 1558 368 optimae
1591 310 1720 370 sunt,
1751 320 1866 368 qua·
1899 312 1928 357 ὅ

193 377 305 425 liter
342 375 570 440 volueriS,
614 382 697 424 aut
736 382 989 440 vaporatas
1029 383 1112 425 aut
1151 375 1300 424 elixas
1340 378 1391 424 in
1429 376 1647 426 iusce110.
1723 380 1870 426 etiam

193 456 242 498 et
281 463 416 497 assae
457 448 612 497 bonae
652 455 782 497 sunt.

303 522 528 570 cervinae
575 536 691 569 vero
739 536 912 570 carnes
959 521 1111 570 elixae
1152 528 1202 571 et
1252 529 1507 586 vaporatae
1547 523 1869 589 accipiuntur,
1900 529 1931 574 6

133 590 159 644 5
193 594 278 643 sed
317 594 568 643 interdum
590 593 816 643 utendae.
856 602 1104 643 assaturae
1130 610 1245 643 vero
1286 597 1328 643 si
1367 595 1425 643 de
1458 595 1648 644 novello
1687 596 1873 644 fuerint

193 682 352 731 cerm,
391 667 546 715 bonae
581 674 709 716 suut.
749 682 860 716 nam
894 669 934 716 si
967 667 1026 716 de
1051 674 1244 716 vetusto
1271 683 1430 733 cervo,
1462 670 1711 732 graviores
1743 676 1871 717 sunt.

303 755 477 789 carnes
508 741 568 789 de
606 739 854 789 hinnuleis
878 755 993 789 vero
1028 748 1077 790 et
1115 741 1175 789 de
1215 740 1455 805 capreolis
1495 748 1544 790 et
1580 743 1715 805 ipsae
1755 757 1868 789 con·
1904 749 1928 794 7

191 828 341 877 gruae
381 820 510 862 sunt.
573 813 766 876 quando
807 813 1024 879 novellae
1065 814 1265 879 fuerint,
1305 813 1531 863 meliores
1571 821 1700 863 sunt.

302 901 517 951 aprunae
542 901 656 934 vero
698 894 879 949 quanto
917 888 1220 935 recentiores
1259 887 1460 953 fuerint,
1497 887 1705 935 leviores
1738 893 1869 952 sunt,
1901 895 1930 940 8
1964 902 1971 905 “

104 970 158 1009 10
191 959 276 1008 sed
318 959 469 1008 elixae
509 959 734 1008 utendae.
775 966 825 1008 et
863 966 1112 1008 assaturae
1153 962 1194 1008 si
1232 961 1378 1024 fiunt,
1417 968 1472 1008 ut
1511 960 1653 1024 longe
1695 975 1722 1008 a
1760 960 1868 1008 foco

190 1040 238 1082 et
278 1033 478 1101 diutius,
518 1033 762 1096 quomodo
804 1032 863 1081 de
904 1035 1175 1081 vervecinis
1215 1032 1549 1082 indicavimus

298 1106 358 1154 de
397 1120 550 1169 porco
589 1105 857 1154 domestico
883 1112 933 1154 et
963 1106 1114 1154 elixae
1152 1113 1202 1155 et
1240 1113 1444 1155 assatae.
1483 1113 1664 1170 quanto
1703 1113 1867 1155 tamen
1898 1109 1929 1154 9

189 1181 493 1228 recentiores
541 1186 679 1243 sunt,
733 1185 867 1227 tanto
914 1178 1123 1228 leviores
1170 1178 1307 1244 sunt,
1363 1186 1412 1227 et
1450 1187 1589 1244 aptae
1630 1178 1688 1226 ad
1736 1179 1866 1243 dige-

189 1254 414 1301 stionem.
491 1257 746 1316 praeterea
801 1251 861 1300 de
914 1251 1094 1300 lumbis
1147 1252 1440 1316 porcellinas
1489 1252 1685 1316 expedit
1739 1266 1872 1300 assas

103 1333 157 1372 15
190 1325 507 1390 manducare,
554 1327 668 1389 quia
707 1331 845 1389 aptae
887 1332 1002 1374 sunt
1041 1332 1089 1374 et
1134 1325 1260 1374 bene
1301 1325 1652 1390 conficiuntur,
1697 1326 1766 1374 ita
1817 1331 1872 1374 ut

191 1398 290 1447 sale
329 1400 380 1446 in
412 1413 536 1462 aqua
569 1397 728 1447 soluto
755 1413 868 1446 cum
906 1399 1070 1462 pinnis
1110 1398 1305 1462 quando
1331 1406 1557 1462 assantur
1593 1405 1872 1462 tangantur.

191 1479 241 1520 et
288 1473 330 1520 si
383 1471 608 1520 duriores
648 1471 849 1535 quandov
893 1471 1251 1520 manducantur
1306 1472 1511 1535 fuerint,
1566 1471 1741 1520 melius
1782 1478 1872 1536 est,

192 1546 262 1593 sic
301 1551 465 1593 tamen
505 1550 560 1593 ut
598 1546 649 1592 in
688 1544 786 1593 sale
827 1559 952 1608 puro
992 1546 1311 1608 intingantur.
1376 1560 1488 1592 nam
1527 1544 1774 1608 liquamen
1814 1559 1873 1592 ex

196 1619 329 1665 omni
367 1626 505 1681 parte
545 1617 878 1681 prohibemus,
941 1617 1177 1666 lactantes
1216 1633 1332 1665 vero
1374 1619 1490 1666 satis
1530 1619 1630 1682 apti
1669 1624 1719 1666 et
1758 1632 1871 1665 con·
1897 1623 1960 1669 10

106 1700 163 1740 20
194 1692 308 1755 grui
331 1690 459 1755 elixi,
497 1690 573 1738 vel
611 1692 662 1738 in
700 1690 919 1754 iusce110,
960 1697 1008 1739 et
1040 1692 1137 1738 assi
1174 1692 1226 1739 in
1265 1691 1410 1739 furno
1444 1698 1498 1739 ut
1537 1706 1637 1738 non
1675 1690 1873 1754 grandis

191 1766 256 1812 sit
293 1778 443 1828 vapor
483 1771 533 1812 et
569 1778 632 1812 ne
673 1765 790 1812 satis
840 1763 1124 1812 ustulentur
1172 1763 1258 1812 sed
1306 1765 1458 1827 magis
1506 1771 1562 1812 ut
1616 1763 1875 1811 deveniant

192 1839 334 1900 quasi
371 1838 603 1900 vaporati.
644 1843 693 1885 et
731 1837 846 1885 inde
885 1836 1170 1900 intingendo
1211 1838 1262 1884 in
1302 1836 1525 1885 oximelle
1566 1836 1775 1900 simplici
1813 1835 1873 1884 ad

190 1909 362 1958 horam
402 1910 528 1958 facto
562 1917 618 1959 ut
656 1909 778 1958 duae
818 1916 983 1973 partes
1017 1909 1076 1957 de
1109 1908 1251 1958 melle
1277 1916 1326 1958 et
1357 1925 1452 1958 una
1490 1924 1605 1973 pars
1644 1910 1703 1958 de
1735 1915 1873 1958 aceto

194 1982 505 2048 adhibeatur,
560 1989 609 2031 et
647 1984 719 2031 sic
758 1989 1033 2046 coquantur
1070 1985 1122 2030 in
1159 1997 1273 2031 vaso
1314 1982 1474 2048 fictili,
1529 1989 1578 2031 et
1617 1984 1687 2031 sic
1727 1983 1874 2030 intin-

105 2064 162 2104 25
195 2062 372 2120 gantur
412 2071 585 2104 carnes
623 2057 759 2119 ipsae
800 2055 994 2119 quando
1035 2055 1406 2104 manducantur.

304 2129 364 2177 de
404 2128 566 2177 bubus
599 2143 714 2177 vero
755 2131 841 2192 qui
879 2130 1154 2177 teneriores
1193 2137 1310 2177 sunt
1340 2130 1410 2177 sic
1450 2130 1550 2192 apti
1590 2135 1719 2177 sunt.
1759 2143 1872 2176 caro
1899 2136 1958 2180 11

193 2204 299 2266 ipsa
347 2209 571 2250 sumatur
617 2201 751 2250 elixa
783 2201 857 2250 vel
895 2208 1138 2265 vaporata.
1213 2209 1262 2250 et
1312 2203 1354 2250 si
1404 2201 1674 2250 delectatus
1724 2201 1875 2250 suerit

195 2276 327 2339 quiS,
379 2289 511 2340 assas
551 2274 810 2323 comedere
849 2281 1034 2340 potest,
1084 2282 1140 2323 ut
1184 2275 1378 2339 longius
1417 2289 1444 2322 a
1483 2275 1592 2322 foco
1632 2281 1872 2322 assentur.

195 2354 360 2396 tamen
399 2363 498 2395 non
537 2347 663 2396 bene
704 2349 1028 2412 accipiuntur.

105 2428 162 2469 30
305 2435 479 2469 carnes
518 2435 633 2468 vero
665 2423 892 2469 vaccinae
932 2420 1007 2468 vel
1046 2419 1309 2469 bubulinae
1349 2421 1580 2469 insalatae
1621 2435 1720 2470 non
1760 2426 1875 2469 sunt
1900 2427 1958 2472 12

195 2508 463 2559 congruae,
502 2495 598 2541 nisi
636 2495 903 2542 necessitas
947 2495 1167 2557 exegerit
1203 2500 1259 2542 ut
1301 2500 1580 2558 sumantur,
1619 2495 1733 2557 quia
1770 2495 1875 2557 pin-

195 2566 354 2630 guedo
394 2566 453 2614 de
493 2567 613 2630 ipsis
653 2565 882 2614 carnibus
922 2566 982 2614 de
1023 2566 1121 2614 sale
1160 2566 1352 2631 defluit,
1392 2573 1440 2615 et
1479 2567 1746 2616 deveniunt
1782 2567 1872 2613 sice

196 2654 281 2687 cae
321 2641 454 2702 ipsae
496 2654 670 2688 carnes
710 2646 760 2687 et
799 2654 898 2688 non
936 2638 1061 2687 bene
1102 2639 1444 2688 conficiuntur.

309 2712 503 2776 lepores
526 2727 643 2760 vero
677 2714 718 2760 si
745 2711 922 2760 novelli
961 2713 1146 2760 suerint
1169 2718 1219 2760 et
1255 2714 1352 2776 ipsi
1390 2711 1617 2761 sumendi
1654 2714 1705 2759 in
1745 2710 1876 2760 dulci
1900 2718 1960 2763 13

109 2793 166 2832 35
199 2786 340 2848 piper
364 2784 589 2850 habente,
623 2799 798 2849 parum
823 2785 1026 2833 cariofili
1060 2791 1110 2833 et
1141 2785 1379 2851 gingiber,
1403 2792 1596 2834 costum
1620 2791 1668 2833 et
1692 2786 1876 2848 spicam

197 2857 337 2906 nardi
378 2857 454 2906 vel
495 2857 677 2907 folium.
