2060 3294
41 1387 60 1423 a

862 184 1221 236 —18-

310 320 458 369 alium
488 318 674 367 bonum
699 324 789 383 est,
829 324 879 367 et
916 317 1205 382 flegmaticis
1236 318 1312 367 vel
1344 320 1429 382 qui
1460 318 1766 368 stomachum
1797 320 1882 368 fri-

199 394 367 458 gidum
406 391 603 442 habent.
675 398 724 440 et
761 393 813 439 in
851 392 927 440 via
964 391 1109 456 longa
1147 393 1356 440 maxime
1396 391 1582 441 bonum
1614 399 1703 441 est.
1765 393 1882 441 facit

198 468 344 516 etiam
385 465 444 514 ad
483 480 633 529 aquas
673 465 904 513 diversas,
975 467 1061 529 qui
1099 471 1264 514 autem
1287 466 1488 514 vitiosos
1513 480 1659 514 renes
1684 465 1880 532 habent,

197 541 396 604 parcius
435 545 653 588 utantur.

139 623 166 661 5
315 627 463 676 cepae
502 611 796 660 humorosae
837 617 966 676 sunt,
1006 610 1276 660 ascaloniae
1316 625 1432 659 vero
1472 611 1715 660 meliores,

310 685 380 734 De
406 683 815 749 leguminibus
839 699 955 732 vero
981 686 1163 732 tisanas
1189 699 1313 748 quae
1339 683 1398 732 de
1424 684 1610 733 hordeo
1642 685 1766 733 fiunt
1798 686 1882 748 qui

205 761 299 808 scit
351 759 538 824 facere,
592 757 748 806 bonae
798 763 915 806 sunt
961 763 1011 806 et
1062 759 1193 806 sanis
1241 764 1290 806 et
1340 756 1749 807 febricitantibus,
1826 758 1880 807 fit

193 834 340 880 etiam
380 832 440 881 de
479 830 665 879 hordeo
706 845 832 895 opus
869 829 1081 896 bonum,
1133 830 1264 894 quod
1311 845 1401 879 nos
1447 845 1621 894 graece
1669 830 1880 880 dicimus

195 905 347 970 alfita,
396 904 545 953 latine
586 919 701 952 vero
752 903 1022 970 polentam,
1073 903 1219 952 Gothi
1265 919 1380 952 vero
1420 902 1674 953 barbarice
1723 904 1880 970 fenea,

105 991 160 1030 10
192 992 423 1042 magnum
463 977 737 1026 remedium
793 992 906 1025 cum
952 979 1066 1025 vino
1114 976 1269 1025 calido
1308 983 1651 1041 temperatum.
1728 984 1778 1026 et
1816 977 1876 1026 de

191 1053 297 1115 ipsa
344 1066 397 1099 re
449 1050 640 1099 coclear
693 1050 895 1114 plenum
949 1057 999 1098 et
1053 1051 1123 1098 sic
1179 1049 1447 1099 admixtum
1501 1050 1627 1098 bene
1679 1049 1881 1099 bibatur

189 1124 448 1190 paulatim,
504 1130 554 1172 et
607 1125 740 1172 iuvat
797 1125 914 1172 satis
970 1122 1277 1172 stomachum
1324 1123 1570 1172 defectum
1619 1129 1668 1172 et
1706 1125 1879 1188 pascit.

189 1198 305 1246 facit
344 1203 509 1246 autem
549 1203 599 1245 et
639 1196 698 1244 ad
739 1196 1064 1245 disentericos
1104 1196 1311 1245 mirifice
1352 1211 1464 1245 cum
1504 1198 1617 1245 vino
1641 1211 1767 1260 puro
1798 1212 1877 1245 ca-

187 1270 390 1335 lefact0,
442 1277 489 1318 et
539 1272 610 1318 sic
650 1269 920 1318 admixtum
972 1268 1164 1318 coclear
1215 1285 1371 1318 unum
1409 1275 1460 1318 et
1497 1268 1624 1318 bene
1664 1271 1872 1319 mixtum

42 1357 56 1385 ἱ
103 1356 157 1396 15
191 1345 394 1392 ieiunus
437 1345 646 1407 accipiat
659 1343 734 1391 vel
775 1350 921 1391 nocte
961 1348 1074 1406 post
1097 1342 1345 1406 pullorum
1372 1349 1545 1391 cantus
1570 1342 1646 1391 vel
1672 1343 1868 1415 quando

189 1416 462 1465 delectatus
504 1416 634 1465 sueri
673 1417 916 1482 infimum,
955 1418 1023 1464 ita
1062 1422 1118 1463 ut
1157 1431 1272 1464 cum
1311 1416 1405 1464 hoc
1430 1417 1693 1481 acceperit,
1718 1412 1867 1465 alium

186 1489 352 1538 cibum
407 1491 644 1538 continuo
687 1505 786 1537 non
842 1490 1050 1553 accipiat
1104 1503 1261 1552 usque
1314 1488 1431 1537 dum
1481 1489 1615 1538 istud
1663 1490 1866 1553 digerat.

185 1562 398 1611 solemus
438 1562 554 1611 dare
595 1562 654 1611 de
708 1562 801 1611 hoc
839 1565 947 1626 ipso
988 1561 1381 1610 febricitantibus
1422 1577 1533 1610 cum
1581 1577 1704 1626 aqua
1751 1578 1875 1626 pura

184 1635 371 1701 tepida,
411 1651 510 1683 non
551 1637 765 1719 spissum
806 1635 892 1684 sed
931 1650 1101 1684 rarum
1140 1635 1338 1684 factum.
1397 1637 1626 1684 convenit
1666 1651 1782 1700 ergo
1823 1643 1874 1685 et

95 1723 151 1763 20
182 1710 234 1757 in
267 1716 491 1773 tempore
531 1710 832 1757 ieiuniorum
871 1710 922 1756 in
962 1708 1335 1773 quadragesima
1375 1711 1598 1772 accipere
1638 1707 1732 1757 hoc
1770 1725 1804 1774 p
1792 1724 1870 1781 ὦ

182 1783 332 1831 imtus
372 1797 485 1830 cum
525 1781 683 1848 calda,
736 1783 849 1845 quia
889 1788 938 1830 et
977 1782 1222 1831 confortat
1261 1781 1569 1830 stomachum
1608 1788 1658 1831 et
1694 1783 1867 1846 pascit.

1906 579 1970 623 62

1906 637 1970 681 63

1906 696 1971 740 64

202 1838 401 1904 fflfaba
440 1870 556 1903 vero
596 1857 788 1919 integra
822 1861 961 1903 cocta
1009 1853 1158 1921 bene,
1207 1860 1256 1903 et
1292 1856 1345 1903 in
1384 1854 1610 1919 iuscello‚
1666 1863 1714 1904 et
1762 1855 1868 1904 oleo
1895 1858 1958 1904 65

183 1928 378 1977 condita
417 1927 493 1976 vel
533 1927 647 1993 sale,
687 1928 863 1977 melius
903 1942 1121 1992 congrua
1155 1934 1230 1976 est
1269 1942 1415 1991 quam
1457 1927 1538 1976 illa
1577 1927 1686 1976 faba
1726 1929 1870 1994 fresa,

181 2002 294 2064 quia
334 2007 501 2065 gravat
541 2001 865 2050 stomachum.

92 2089 147 2128 25
292 2076 424 2123 cicer
463 2089 579 2122 vero
620 2076 662 2123 si
701 2073 827 2123 bene
875 2074 1066 2122 coxeiis
1117 2080 1172 2122 ut
1218 2061 1416 2122 omnino
1455 2073 1696 2136 liquescat
1741 2088 1854 2122 con·

180 2146 336 2196 ditum
377 2147 484 2196 oleo
525 2154 574 2196 et
614 2147 712 2196 sale
755 2146 937 2196 bonum
971 2153 1060 2213 est,
1087 2146 1541 2211 etiamflmenibus
1567 2162 1854 2210 congruum.

178 2222 220 2268 si
262 2226 427 2270 autem
466 2220 724 2269 crudivum
756 2221 928 2286 fuerit,
962 2222 1160 2284 penitus
1196 2235 1289 2269 nec
1338 2221 1470 2268 sanis
1510 2219 1691 2268 suadeo
1732 2235 1861 2268 com-

178 2293 357 2360 edere,
432 2295 545 2357 quia
604 2294 720 2342 facit
779 2293 1057 2343 inflationes
1115 2295 1426 2358 gravissimas
1483 2299 1532 2341 et
1592 2291 1860 2356 indigeries

177 2366 327 2415 malas
368 2373 418 2415 et
457 2367 789 2430 corruptelam
828 2368 1030 2415 ventris,

88 2456 145 2496 30
285 2438 519 2488 lenticula
557 2455 674 2488 vero
723 2447 772 2488 et
821 2442 927 2504 ipsa
965 2439 1093 2488 bona
1142 2439 1296 2488 lavata
1350 2444 1400 2487 et
1452 2437 1579 2487 bene
1633 2438 1758 2487 elixa
1811 2440 1862 2486 in

177 2527 300 2575 aqua
339 2527 478 2577 pura,
517 2514 585 2561 ita
625 2518 680 2561 ut
717 2513 798 2561 illa
836 2514 994 2577 prima
1034 2512 1169 2562 calda
1208 2512 1456 2577 fundatur,
1496 2518 1546 2560 et
1597 2511 1688 2560 alia
1727 2511 1864 2559 calda

175 2587 324 2634 missa
364 2600 477 2634 cum
525 2588 736 2652 ratione,
791 2601 891 2633 non
931 2588 1072 2652 satiS,
1128 2593 1176 2634 et
1227 2587 1297 2633 sic
1345 2590 1587 2648 coquatur
1633 2584 1764 2633 lente
1811 2585 1863 2631 in

177 2657 491 2724 carbonibuS,
530 2659 598 2707 ita
637 2666 692 2708 ut
725 2674 838 2708 cum
879 2666 1018 2707 cocta
1057 2659 1221 2724 fuerit,
1261 2664 1453 2706 acetum
1478 2657 1726 2706 modicum
1751 2658 1860 2704 mit-

175 2737 309 2780 tatur
347 2746 437 2795 pro
480 2746 667 2796 sapore.
731 2738 781 2780 et
819 2731 1025 2780 addatur
1063 2731 1132 2780 ibi
1171 2732 1361 2795 species
1401 2730 1481 2778 illa
1522 2745 1645 2794 quae
1679 2729 1861 2778 dicitur

85 2821 141 2860 35
175 2819 261 2852 rus
302 2805 547 2868 syriacus,
596 2805 799 2869 pulvere
851 2805 978 2853 facto
1027 2811 1265 2869 quantum
1305 2803 1496 2852 coclear
1534 2803 1756 2868 plenum,
1811 2807 1862 2849 et

175 2884 436 2941 spargatur
469 2893 618 2943 super
658 2877 938 2927 lenticulam
978 2877 1093 2926 dum
1126 2879 1176 2926 in
1210 2878 1317 2925 foco
1345 2883 1433 2942 est,
1471 2882 1518 2924 et
1545 2877 1858 2924 commiscea-

1893 2051 1956 2095 ec

1860 2109 1958 2166 (68)

1891 2444 1952 2489 67
