2060 3294
852 109 1171 190 ...94

174 276 314 323 cuius
385 313 396 323 .
460 313 470 323 .
535 313 545 323 .
596 313 606 322 .
675 273 948 338 longiorem
1012 273 1158 320 vitam
1228 278 1277 320 et
1345 273 1660 336 praecipuam
1730 272 1855 336 sani-

171 354 335 397 tatem.

279 420 536 469 Rationem
577 435 693 485 ergo
733 420 1043 468 diversorum
1067 417 1291 467 ciborum
1331 417 1758 482 quemadmodum»
1782 419 1856 485 uti

171 492 381 542 debeant
402 493 674 542 secundum
698 499 960 557 praecepta
984 491 1291 540 diversorum
1318 498 1590 557 auctorum,
1613 498 1670 539 ut
1693 497 1858 555 potest
1917 479 1931 490 ”

116 572 142 615 1
176 566 458 615 intellectus
497 572 667 615 noster
705 565 910 631 habere,
942 566 1272 628 suggerimus,
1348 566 1399 612 in
1438 566 1610 628 primis
1648 578 1857 628 panem
1889 573 1915 612 5

170 638 377 688 nitidum
409 639 536 687 hene
576 640 925 688 fermentatum
949 645 998 686 et
1022 653 1120 685 non
1153 638 1361 686 azimum
1393 637 1479 686 sed
1510 636 1856 699 benelcoctum

171 712 530 761 comedendum
576 719 626 761 et
675 711 761 761 uhi
806 712 944 760 locus
991 711 1143 759 fuerit
1181 710 1382 759 cottidie
1424 710 1687 776 calentem,
1742 712 1854 774 quia

170 784 292 833 tales
342 800 494 849 panes
545 785 721 834 melius
773 785 1078 849 digeruntur.
1134 798 1245 832 nam
1287 785 1328 831 si
1367 799 1465 831 non
1504 783 1630 832 hene
1669 783 1856 832 levatus

170 859 334 923 fucrit,
373 860 491 907 satis
530 865 697 922 gravat
736 857 1057 907 stomachum.
1999 908 2001 910 ,

80 936 180 994 (2)3
286 930 355 980 De
398 931 681 981 carnibus
722 947 836 980 vero
875 931 1089 979 vaccinis
1128 931 1372 994 vaporatis
1412 930 1554 979 factis
1593 936 1643 978 et
1688 931 1739 978 in
1779 945 1854 978 so·
1885 924 1977 979 '10-

167 1004 311 1068 dinga
352 1007 505 1054 coctis
544 1005 797 1053 utendum.
875 1005 1021 1053 etiam
1062 1011 1111 1052 et
1149 1005 1199 1052 in
1238 1002 1458 1069 iusceHO,
1500 1010 1552 1052 ut
1590 1005 1730 1067 prius
1771 1019 1851 1051 ex-

166 1076 414 1126 hromatas
445 1093 543 1126 una
579 1079 708 1126 unda
748 1080 928 1142 mittaS,
968 1084 1018 1126 et
1057 1079 1127 1125 sic
1166 1079 1217 1125 in
1257 1077 1410 1125 nitida
1449 1092 1574 1140 aqua
1613 1084 1851 1140 quantum

165 1153 290 1199 rati‘o
329 1153 490 1215 poscit
529 1153 892 1214 coquantur'ut
930 1165 1028 1198 non
1069 1150 1275 1200 addatur
1307 1165 1447 1215 aqua,
1487 1158 1535 1198 et
1568 1165 1681 1198 cum
1714 1156 1852 1198 cocta

165 1224 317 1272 suerit
356 1239 492 1289 car0,
546 1225 596 1272 in
634 1239 761 1272 *vaso
812 1225 967 1272 mittis
1019 1230 1214 1272 acetum
1263 1224 1557 1272 acerrimum
1613 1229 1852 1286 quantum

165 1296 374 1345 mediam
413 1296 658 1362 buculam,
698 1304 747 1346 et
785 1299 939 1346 mittis
980 1298 1138 1360 capita
1175 1311 1440 1361 porrorum
1480 1303 1530 1345 et
1566 1296 1719 1360 puleii
1751 1311 1852 1344 mo·
1887 1305 1942 1345 15

166 1369 354 1436 dicum,
407 1372 504 1436 apii
565 1370 756 1419 radices
821 1370 896 1419 vel
956 1370 1179 1435 feniculi,
1235 1377 1283 1418 et
1338 1375 1578 1432 coquatur
1636 1371 1686 1417 in
1753 1384 1851 1418 una

164 1442 307 1508 hora,
354 1450 404 1492 et
442 1445 513 1492 sic
553 1443 692 1492 addis
731 1444 827 1492 mel
868 1450 1105 1507 quantum
1145 1443 1458 1492 medietatem
1497 1443 1556 1491 de
1598 1449 1736 1492 aceto
1775 1442 1853 1491 vel

165 1525 382 1584 (quam)
407 1518 517 1580 quis
542 1516 853 1566 dulcedinem
877 1516 1059 1565 habere
1085 1515 1309 1566 voluerit.
1340 1522 1390 1565 et
1414 1517 1485 1564 sic
1511 1530 1693 1579 coquas
1717 1515 1850 1564 lento

166 1589 276 1638 foco
315 1591 542 1654 agitando
592 1592 748 1654 ipsam
788 1590 933 1638 ollam
983 1591 1271 1653 frequenter
1318 1589 1566 1655 manibuS,
1618 1597 1674 1638 ut
1723 1588 1849 1638 bene

165 1664 243 1711 ius
284 1678 397 1711 cum
436 1679 584 1712 carne
622 1665 727 1728 ipsa
767 1670 1086 1728 temperetur.
1128 1669 1176 1711 et
1215 1665 1286 1711 sic
1324 1663 1445 1711 teris
1483 1664 1669 1726 piperis
1701 1677 1851 1726 grana
1883 1672 1940 1712 20

165 1747 218 1801 L,
259 1742 451 1785 costum
506 1743 555 1785 et
594 1739 778 1801 spicam
818 1736 959 1785 nardi
1008 1751 1100 1800 per
1139 1736 1328 1800 singula
1380 1743 1618 1800 quantum
1668 1735 1850 1784 medie-

165 1815 317 1858 tatem
357 1809 514 1875 solidi,
555 1816 605 1858 et
644 1810 846 1859 cariofili
886 1815 1124 1874 quantum
1163 1816 1339 1874 pensat
1378 1810 1622 1858 tremissis
1661 1821 1694 1857 Ι.
1757 1811 1850 1857 ista

167 1884 327 1931 omnia
361 1883 506 1932 simul
545 1884 661 1932 trita
699 1881 826 1932 hene
866 1885 916 1932 in
949 1884 1182 1932 mortario
1223 1883 1374 1948 fictili,
1414 1881 1577 1936 addito
1602 1883 1714 1930 vino
1747 1897 1848 1930 mo-

165 1955 273 2004 dico
315 1962 364 2004 et
402 1972 514 2005 cum
569 1955 695 2005 bene
742 1955 1029 2005 tribulatum
1077 1957 1251 2021 fuerit,
1306 1957 1461 2005 mittis
1515 1957 1567 2003 in
1615 1955 1758 2003 ollam
1800 1961 1850 2003 et

164 2030 316 2092 agitas
355 2029 505 2095 bene,
559 2031 625 2078 ita
665 2035 720 2079 ut
759 2036 1020 2094 antequam
1060 2029 1260 2078 tollatur
1306 2030 1365 2078 de
1412 2029 1544 2093 foc0,
1599 2029 1846 2077 modicum
1878 2038 1935 2078 25

164 2104 343 2150 sentiat
374 2109 424 2151 et
455 2105 675 2152 remittat
712 2103 763 2151 in
803 2105 881 2151 ius
907 2105 1139 2152 virtutem
1179 2118 1331 2151 suam.
1371 2101 1457 2151 ubi
1497 2108 1660 2150 tamen
1700 2102 1850 2150 fuerit

163 2174 260 2223 mel
298 2182 382 2224 aut
421 2191 535 2240 sapa
575 2176 650 2224 vel
690 2190 971 2241 caroenum,
1010 2191 1165 2225 unum
1205 2176 1264 2224 de
1304 2177 1425 2239 ipsis
1458 2177 1586 2223 sicut
1618 2177 1848 2239 superius

164 2250 447 2298 continetur
486 2251 732 2315 mittatur,
782 2255 830 2297 et
868 2251 919 2297 in
958 2248 1183 2298 buculari
1221 2264 1321 2298 non
1362 2255 1625 2314 coquatur,
1672 2248 1758 2296 sed
1797 2249 1847 2296 in

164 2321 257 2369 olla
296 2322 454 2371 fictili:
493 2322 748 2371 meliorem
787 2337 1013 2386 saporem
1052 2323 1181 2371 facit.

102 2399 133 2445 4
273 2398 557 2444 vervecinae
599 2411 714 2444 vero
754 2411 927 2444 carnes
967 2402 1017 2444 et
1055 2398 1098 2444 si
1136 2387 1425 2459 frequenter
1463 2401 1667 2443 utantur
1706 2401 1845 2458 aptae
1877 2405 1935 2446 30

162 2475 299 2533 sunt,
339 2475 388 2516 et
426 2470 478 2516 in
515 2469 719 2518 iuscello
761 2468 992 2533 simplici,
1041 2475 1090 2517 et
1128 2470 1180 2517 in
1220 2475 1438 2527 assatura
1478 2474 1535 2521 ut
1573 2467 1780 2531 delonge
1820 2482 1846 2515 a

161 2540 270 2589 foco
311 2547 600 2605 coquantur.
678 2558 791 2590 nam
831 2543 874 2589 si
911 2543 1132 2606 proxima
1183 2542 1334 2591 fuerit
1373 2542 1519 2606 foc0,
1553 2539 1691 2588 ardet
1731 2554 1844 2588 caro
1922 2594 1933 2602 ⁸

162 2613 344 2662 deforis
393 2621 442 2662 et
496 2615 690 2663 deintus
746 2615 942 2664 devenit
988 2616 1140 2664 cruda
1187 2622 1236 2664 et
1288 2617 1452 2680 potius
1500 2621 1646 2661 nocet
1699 2626 1844 2679 quam
1886 2679 1889 2681 ‚

160 2688 306 2735 iuvat.
369 2687 453 2735 sed
493 2694 549 2736 ut
588 2687 687 2736 dixi
728 2688 933 2752 delonge
974 2695 1022 2736 et
1062 2689 1261 2737 diutius.
1333 2686 1577 2752 quomodo
1616 2688 1845 2751 vaporata
1954 2732 1956 2734 ,

161 2760 231 2808 sic
287 2759 535 2824 deveniat,
591 2768 639 2808 et
700 2761 825 2810 sales
882 2776 994 2810 cum
1049 2763 1162 2810 vino
1217 2763 1357 2810 mixti
1413 2759 1605 2824 quando
1652 2764 1844 2808 assatur
1875 2773 1931 2812 35

161 2847 273 2881 cum
313 2834 462 2896 pinna
502 2833 850 2882 diffundantur.
