2060 3294
866 105 1312 173 —56-'

236 248 341 305 plus
383 247 663 305 (comedent)
711 248 902 292 sorbilia
932 253 1003 293 37.

238 333 292 339 -—
346 307 451 363 plus
513 320 717 364 congrua
779 313 850 351 36.
929 308 1004 363 (of.

236 366 339 421 plus

228 425 374 480 plus).

207 482 490 538 porcellina
522 496 626 527 earo
660 488 701 526 9.

207 541 473 597 porriones
491 541 688 598 (GABy,
705 541 930 598 pon-iculi
949 541 1007 596 P,

236 600 361 657 porri
386 602 440 656 p)
475 605 543 644 55.

206 660 381 715 postea
412 674 515 703 eum
539 664 610 702 24.
637 661 741 717 (75).

210 718 663 775 Ρι·ειθ(ι)θι·)ᾱιιι·ειι·θ
735 719 804 774 (in
873 718 1008 762 calda

228 778 514 833 pastinacas,
537 790 716 832 porros,
748 777 930 820 milium
952 798 1007 812 =

239 836 369 880 leieht
381 836 628 891 abbriihen,
651 837 885 891 abwc‘ille‘n,
899 836 1005 892 yall.

237 895 456 940 blanchir.
502 896 560 950 of.
605 896 659 938 de
696 896 912 939 carnibus
952 896 1005 938 iri

235 954 330 1000 sale,
368 953 650 1010 intiriye‘ndis
680 957 733 997 ut
778 954 1005 998 durentur

237 1017 308 1056 43.
341 1017 368 1056 9
398 1016 475 1057 ete.
516 1016 557 1056 et
585 1025 717 1069 saepe
746 1013 900 1069 Apio.)
933 1017 1002 1057 53.

207 1133 529 1185 messumcre
540 1131 612 1187 (=
625 1130 844 1175 comedere
852 1130 1003 1186 Aleoe.)

236 1189 507 1244 saepissime.

210 1246 373 1302 prima
385 1248 558 1292 sanitas
575 1248 815 1292 hominum
827 1248 877 1292 in
891 1247 1004 1292 cibis

238 1306 452 1363 congruis
484 1308 668 1351 constat
690 1308 788 1363 prs.

208 1376 302 1421 pro
349 1365 580 1410 desiderio
626 1362 819 1421 (ἡδονῆς
863 1363 1004 1410 ἕνεκα

236 1424 368 1468 Aleoe.
403 1445 458 1461 =
491 1425 567 1469 lat.
609 1424 826 1468 desiderii
866 1438 1006 1468 causa

397 365 546 422 magis
606 365 731 409 Orib.
773 387 827 402 =
866 367 1006 409 multo

240 1488 281 1538 2,
301 1486 404 1540 156)
434 1497 577 1539 saepe.
610 1497 693 1540 pro
725 1483 914 1527 fastidio
932 1488 1002 1529 44.

237 1556 323 1598 pro
356 1555 519 1598 sapore
551 1544 627 1599 (=
646 1543 823 1598 saporis
849 1545 1004 1598 eausa)

242 1606 312 1645 52.
345 1606 415 1645 67.
447 1615 532 1657 pro
564 1602 805 1645 nimietate
836 1602 927 1657 prs.

209 1659 431 1716 puleium
465 1660 721 1717 (puledium
748 1660 835 1716 Gy)
867 1665 907 1703 3.
935 1664 1002 1704 58.

208 1719 380 1775 pullus
412 1720 526 1775 (ital.
544 1720 670 1775 pollo
699 1723 776 1764 ete.
801 1720 914 1775 him)
932 1724 1003 1763 23.

238 1783 309 1822 33.
343 1783 412 1820 34.

208 1848 429 1893 purgare
482 1838 791 1893 (καθαίρειν)ε
848 1838 1006 1880 cortex

238 1896 341 1952 ipsa
378 1898 602 1953 purgetur
641 1897 687 1953 (i.
721 1897 1005 1951 detrahatur)

244 1960 313 1999 90.
345 1956 518 2012 purgat
547 1955 843 2011 putredinem
878 1959 946 1998 14.

211 2025 366 2069 pusca
412 2015 495 2069 (sio
532 2027 700 2069 omneS,
748 2015 843 2058 ‘nisi
887 2014 1007 2069 quod

239 2077 461 2128 corrupte,
485 2077 537 2116 ut
559 2086 689 2128 saepe
713 2074 839 2128 alibi,
864 2071 907 2130 p'
925 2074 957 2116 i.
971 2086 1005 2116 e.

238 2133 345 2187 post
384 2133 430 2175 et
465 2145 555 2187 pro
600 2146 744 2187 posca
784 2134 913 2176 semel
942 2132 1006 2188 B)

240 2190 297 2245 cf.
329 2204 474 2246 posca
507 2190 633 2234 Orib.
665 2192 743 2234 Aa
773 2204 807 2234 s.
840 2191 926 2234 VII
951 2212 1006 2227 =

240 2262 381 2305 pusca
430 2249 553 2295 Orib.
597 2250 672 2295 Ab
718 2253 903 2306 semper)
952 2254 1005 2293 58

241 2309 357 2365 (bis).

213 2426 453 2480 quantum
507 2420 674 2482 (ὅσον)ε
730 2425 861 2470 addis
916 2427 1007 2469 mel

241 2486 465 2540 quantum
482 2485 783 2529 medietatem
804 2485 861 2528 de
875 2487 1006 2529 aceto

243 2549 283 2587 3.
339 2545 564 2599 quantum
606 2543 906 2596 medietatem
937 2558 1008 2587 so-

241 2602 325 2646 lidi
367 2608 406 2649 3.
469 2604 693 2658 quantum
737 2602 1008 2660 media<m>

232 2661 528 2718 bucula<m>
559 2666 599 2705 3.
632 2662 689 2717 cf.
714 2662 813 2716 prf.
847 2661 885 2704 si
917 2662 1007 2704 cal·
1037 2714 1039 2717 ι

244 2734 343 2763 cem
383 2723 432 2763 et
472 2734 641 2774 aquam
680 2720 782 2774 quis
823 2722 1008 2763 tantum

242 2779 576 2834 temperaverit
617 2780 841 2834 quantum
886 2779 1007 2822 ratio

243 2837 407 2893 poscit.
817 2848 819 2850 ·

1097 249 1342 304 quomodo
1386 250 1461 304 (=
1504 225 1681 307 comme-⁴)
1720 256 1750 294 4
1795 252 1893 307 (ubi

1126 329 1182 344 =
1213 307 1348 363 quasi
1379 309 1464 363 10).
1511 314 1580 353 14.
1611 314 1682 353 49.
1718 314 1785 355 76.
1819 314 1889 354 81.

1130 372 1197 411 82.
1218 376 1306 422 -(=
1338 367 1534 422 quando,
1569 370 1684 424 cum)
1717 373 1786 413 36.
1819 374 1890 414 41.
1975 372 1978 374 ’

1130 428 1218 480 (49.
1244 430 1299 470 76
1333 426 1565 481 quomodo
1589 427 1812 484 mulgitiu·
1836 449 1891 464 =

1125 498 1233 599 2112311
1278 485 1330 527 ut
1375 484 1601 542 muigitur
1645 485 1769 531 Orib.
1812 486 1891 543 VI,

1098 660 1293 705 radices
1325 662 1399 717 (-—-
1431 662 1592 716 rafani
1624 661 1672 704 P
1706 663 1762 716 cf.
1796 663 1890 707 ind.

1128 721 1189 764 ad
1201 721 1261 762 M
1260 720 1326 763 ed.
1339 720 1480 775 Pan„
1494 720 1585 764 Ed.
1595 720 1761 776 Diocl„
1773 722 1890 766 Isid.
1941 731 1955 751 ν’

1130 783 1199 832 17,
1234 783 1301 833 10,
1335 783 1391 821 10
1422 779 1678 834 raphanum
1712 778 1890 833 Graeci,

1126 851 1210 880 nos
1233 836 1436 881 radicem
1461 851 1681 882 vocamus
1699 840 1795 893 etc.)
1821 843 1890 882 59.

1099 895 1410 949 refrigerare
1450 898 1552 951 (pro
1591 897 1667 952 -ri)
1700 897 1789 940 GA
1822 902 1892 941 81.

1094 966 1267 998 renest
1299 955 1478 998 renium
1504 955 1626 1011 (Gli,
1658 970 1817 999 renum
1848 956 1893 998 B

1124 1018 1200 1058 ete.
1233 1014 1291 1068 ef.
1333 1014 1431 1058 ind.
1464 1014 1624 1071 Gary.)
1668 1014 1785 1058 vitia
1816 1019 1885 1058 57.

1124 1076 1193 1116 58.
1229 1077 1298 1116 79.
1332 1074 1421 1128 (61.
1449 1074 1536 1127 66).

1095 1142 1184 1175 rus
1227 1130 1375 1188 (ῥόὖς)
1424 1131 1624 1187 syriacus
1667 1135 1768 1186 (rec.
1802 1145 1890 1188 ros,

1124 1190 1239 1233 roris
1271 1193 1323 1234 ut
1352 1190 1485 1235 Alex.
1516 1192 1614 1247 eto.)
1647 1195 1717 1234 67.

1096 1306 1202 1351 sale
1245 1309 1313 1361 (ut
1347 1307 1523 1352 Oribas
1569 1308 1665 1363 lat.)
1698 1307 1785 1351 GA
1819 1312 1891 1352 28.

1125 1371 1195 1409 35.
1231 1371 1284 1410 76
1317 1366 1433 1422 (bis).
1475 1371 1528 1410 77
1569 1367 1653 1421 (pl.
1686 1367 1805 1410 sales
1836 1371 1889 1410 81

1125 1425 1235 1481 ete).

1096 1482 1360 1528 salimuria
1384 1484 1458 1539 (=
1475 1477 1612 1539 ἅλμη,
1645 1483 1892 1528 salemoria

1126 1542 1228 1597 GA,
1260 1542 1479 1586 salmoria
1504 1542 1551 1584 P
1571 1547 1622 1586 at
1645 1542 1777 1586 Aleoe.
1809 1543 1892 1598 ed.⁷

1127 1601 1366 1644 salimuria
1406 1602 1475 1644 vel
1518 1601 1766 1645 salemoria
1811 1602 1887 1645 Or.

1125 1661 1211 1715 VI,
1252 1665 1354 1704 -137,
1387 1663 1486 1703 300.
1520 1664 1606 1703 395
1639 1664 1739 1714 θέα,
1783 1661 1891 1716 9αῖῐ.

1126 1733 1339 1763 saumuro
1380 1733 1420 1762 v.
1465 1718 1634 1762 Aneect.
1683 1713 1749 1775 Π,
1791 1721 1892 1775 102)

1096 1837 1222 1882 Satis
1255 1859 1309 1873 =
1353 1836 1505 1893 valde,
1547 1836 1741 1880 nimium
1783 1837 1893 1892 (non

1125 1896 1238 1940 satis
1271 1917 1326 1932 =
1357 1909 1452 1940 ‘nori
1494 1896 1688 1940 nimium
1720 1900 1799 1949 67,
1840 1900 1894 1938 ut

1124 1968 1254 2011 saepe
1285 1955 1416 2000 Aleoe.
1447 1955 1567 1998 velat
1616 1959 1655 2005 1,
1689 1959 1743 1999 69
1777 1955 1825 1997 et
1855 1953 1893 1998 si

1127 2013 1415 2070 ingrediatur
1475 2013 1525 2056 in
1578 2013 1746 2056 solium
1799 2026 1893 2056 nou

1126 2073 1238 2116 satis
1267 2072 1474 2129 intingat
1497 2086 1620 2128 aqua
1643 2072 1784 2128 caput
1813 2072 1892 2115 sed

1125 2132 1196 2174 bis
1213 2133 1296 2176 aut
1317 2133 1390 2175 ter
1406 2132 1608 2187 tantum)
1621 2131 1890 2186 saepissime.

1127 2204 1227 2234 eum
1256 2192 1421 2246 super-Z.
1466 2192 1534 2245 (ut
1578 2188 1747 2244 magis,
1789 2188 1893 2244 plus

1126 2263 1161 2293 e.
1194 2251 1352 2306 comp.)
1385 2249 1496 2292 satis
1527 2247 1800 2305 gravissime
1835 2252 1890 2290 74

1127 2308 1257 2362 (satis
1298 2305 1653 2363 indigestissimi
1683 2306 1763 2362 yP
1802 2307 1890 2361 69).

1098 2366 1287 2411 sentire
1301 2367 1512 2422 (riechen)
1525 2384 1534 2410 :
1548 2364 1782 2408 modicum
1796 2378 1893 2407 sen-

1125 2425 1217 2468 tiat
1234 2431 1272 2468 3.
1293 2450 1347 2458 -
1364 2425 1499 2468 tarde
1523 2424 1664 2468 sentit
1688 2428 1758 2467 35.
1789 2437 1893 2467 eum

1126 2485 1247 2527 male
1280 2484 1369 2527 sibi
1401 2483 1626 2527 senserint
1653 2483 1748 2537 prf.

1098 2543 1184 2587 sed
1207 2543 1304 2598 prs.
1338 2545 1404 2598 (p.
1439 2547 1481 2595 8,
1513 2543 1602 2598 32).
1635 2541 1716 2584 sed
1747 2540 1894 2596 magis

1131 2604 1203 2656 (=
1234 2602 1310 2645 sed
1334 2603 1510 2657 potius)
1544 2605 1612 2643 10.

1098 2672 1213 2705 Sera
1244 2662 1318 2714 (-—-
1349 2673 1545 2715 vespera,
1576 2659 1685 2713 soir)
1718 2663 1787 2701 23.

1099 2719 1264 2763 sferae
1298 2719 1461 2763 niveae
1487 2720 1561 2774 (=
1579 2717 1801 2774 sphaerae
1814 2731 1893 2773 ga-

1128 2777 1323 2821 lactieae
1356 2799 1411 2814 =
1451 2775 1630 2821 lacteae
1672 2775 1788 2819 Isid.
1822 2780 1891 2829 20,

1129 2842 1169 2891 2,
1202 2837 1276 2892 31)
1309 2842 1379 2880 34.

1728 2992 1758 3027 ί
