2060 3294
825 161 1184 213 -11-

77 303 140 348 14
277 294 345 344 De
385 294 587 344 larido
627 309 759 360 vero,
798 295 930 344 unde
970 310 1069 344 non
1109 301 1185 344 est
1224 294 1433 358 qualiter
1471 296 1604 344 exire
1645 294 1843 344 delicias

163 369 488 433 Francorum,
542 375 707 417 tamen
758 368 968 432 qualiter
1018 368 1194 417 melius
1242 367 1528 417 comedatur
1574 368 1631 416 ad
1672 368 1843 416 horam

164 457 369 506 expono.
441 444 483 490 si
521 448 735 490 assatum
782 442 934 490 fuerit
981 441 1038 490 ad
1088 441 1261 490 horam
1300 441 1545 505 quomodo
1585 441 1844 507 bradoneS,

162 516 459 579 pinguamen
498 516 660 578 ipsum
692 514 863 563 defluit
892 516 944 562 in
970 515 1078 563 foco
1111 520 1161 563 et
1191 514 1399 563 laridum
1433 514 1628 563 devenit
1658 516 1846 564 siccum

164 595 214 636 et
264 590 350 651 qui
387 587 754 636 manducaverit
793 587 1168 653 laeditumnam
1209 602 1306 636 non
1346 589 1554 636 iuvatur.
1617 587 1762 636 etiam
1795 581 1901 640 et'5

164 660 316 709 malos
354 660 588 709 humores
628 669 829 725 generat
870 668 918 709 et
956 661 1334 725 indigestionem
1373 661 1502 709 facit.
1573 661 1657 709 sed
1700 661 1844 710 elixa-

163 741 268 782 tum
307 733 516 782 laridum
557 742 607 783 et
645 734 991 797 refrigeratum
1031 736 1073 782 si
1122 733 1445 782 manducatur
1492 733 1668 782 melius
1706 736 1846 783 iuvat

164 813 214 855 et
252 813 475 855 ventrem
515 809 839 856 constrictum
878 811 1159 871 temperat,
1181 813 1231 855 et
1270 805 1396 854 bene
1435 807 1689 871 digeritur.
1760 807 1846 856 sed

163 879 290 928 hene
330 879 478 928 debet
517 880 699 929 elixari.
769 887 904 928 certe
945 882 986 928 si
1026 879 1084 928 de
1125 893 1300 943 perna,
1337 879 1450 943 plus
1501 879 1648 928 debet
1686 883 1845 944 coqui.

112 997 117 1002 .
165 953 225 1002 de
266 960 377 1002 cute
418 969 533 1002 vero
573 955 680 1018 ipsa
717 952 839 1002 nihil
876 960 1236 1018 praesumatur,
1275 954 1390 1016 quia
1428 967 1528 1001 non
1568 954 1841 1003 conficitur.
1879 948 1961 1006 10⁷

165 1027 346 1075 frixum
385 1042 501 1075 vero
541 1026 751 1076 laridum
776 1028 974 1091 penitus
998 1042 1097 1075 non
1129 1026 1560 1092 praesumendum,
1586 1028 1699 1090 quia
1725 1029 1842 1075 satis

163 1107 322 1148 nocet.
383 1102 680 1164 pinguamen
718 1102 876 1164 ipsi-us
914 1099 1056 1149 laridi
1095 1099 1224 1164 quod
1265 1102 1314 1148 in
1348 1098 1457 1148 cibo
1482 1099 1645 1163 aliquo
1671 1115 1841 1164 super-

164 1175 370 1222 missum
409 1174 560 1222 fuerit
599 1173 674 1222 vel
714 1188 865 1237 super
905 1173 1038 1221 olera
1077 1172 1163 1221 ubi
1202 1172 1365 1221 oleum
1405 1188 1504 1221 non
1543 1173 1707 1239 fuerit,
1743 1188 1844 1222 non

164 1253 326 1295 nocet.
400 1262 511 1295 nam
550 1247 631 1295 illa
670 1247 876 1295 frictura
914 1248 1112 1310 penitus
1151 1261 1251 1294 non
1291 1246 1502 1309 expedit.

274 1319 334 1367 de
389 1319 543 1368 crudo
596 1335 712 1368 vero
766 1319 950 1367 laridox
992 1319 1122 1383 quod
1177 1319 1336 1367 solent
1375 1319 1841 1384 [QWQttQMFranci
1877 1331 1931 1370 15

161 1392 436 1458 comedere,
476 1394 629 1441 miror
667 1394 784 1442 satis
822 1394 934 1456 quis
973 1392 1067 1440 illis
1107 1392 1322 1440 ostendit
1360 1383 1507 1440 talem
1548 1393 1841 1442 medicinam

161 1471 216 1513 ut
254 1480 352 1514 non
391 1481 515 1530 opus
554 1465 765 1515 habeant
803 1466 892 1514 alia
931 1465 1188 1514 medicina.
1244 1467 1327 1529 qui
1369 1467 1438 1514 sic
1479 1466 1689 1515 crudum
1720 1466 1841 1515 illud

161 1538 480 1604 manducant,
536 1541 651 1603 quia
695 1539 992 1588 beneficium
1038 1538 1220 1603 grande
1266 1545 1348 1587 est
1394 1545 1444 1587 et
1488 1554 1579 1603 pro
1603 1539 1839 1595 &antidoto

159 1613 418 1661 sanitatem
463 1612 558 1661 illis
604 1619 842 1677 praestat,
899 1612 1137 1661 beneficio
1191 1614 1348 1676 ipsius
1405 1614 1519 1675 quia
1563 1613 1631 1660 ita
1679 1615 1841 1661 omnia

159 1686 349 1733 viscera
388 1685 631 1749 quomodo
671 1686 1026 1735 medicamento
1073 1684 1202 1734 bono
1243 1692 1293 1733 et
1339 1687 1381 1734 si
1420 1700 1515 1749 qua
1562 1687 1677 1734 vitia
1725 1693 1842 1735 sunt
1880 1697 1940 1737 20

160 1762 212 1809 in
251 1759 524 1808 visceribus
562 1759 639 1808 vel
677 1760 926 1808 intestinis
964 1774 1054 1823 per
1092 1760 1255 1822 ipsum
1295 1766 1546 1823 sanantur,
1578 1766 1628 1807 et
1652 1762 1694 1807 si
1718 1759 1841 1808 lum-

163 1833 290 1882 brici
314 1833 390 1882 vel
428 1835 588 1882 tineae
629 1832 830 1881 adnatae
872 1832 1071 1896 fuerint,
1111 1831 1311 1895 expellit
1348 1831 1456 1880 hoc.
1510 1846 1623 1880 nam
1648 1838 1698 1881 et
1729 1848 1842 1881 ven-

162 1914 290 1956 trem
328 1913 584 1972 temperat,
625 1913 675 1954 et
714 1906 846 1970 quod
886 1905 980 1953 illis
1020 1904 1196 1953 melius
1229 1911 1318 1970 est,
1357 1920 1448 1969 per
1486 1906 1638 1954 istum
1678 1905 1845 1954 cibum

163 1982 382 2029 saniores
423 1979 528 2028 aliis
569 1987 697 2028 sunt.
775 1994 888 2027 nam
934 1985 989 2027 ut
1035 1977 1314 2043 exemplum
1354 1993 1586 2041 magnum
1635 1978 1843 2043 dicatur,

161 2060 218 2102 ut
257 2053 488 2102 credatur
528 2053 657 2117 quod
697 2052 926 2117 diximuS,
963 2058 1066 2100 tota
1104 2051 1307 2100 vulnera
1346 2066 1469 2115 quae
1512 2052 1631 2100 foris
1670 2059 1755 2101 aut
1792 2054 1845 2100 in
1882 2061 1940 2103 25

163 2141 372 2190 corpore
410 2133 523 2175 nata
562 2127 749 2175 suerint
786 2125 861 2174 vel
901 2125 960 2173 de
999 2125 1137 2189 plaga
1177 2125 1325 2190 facta,
1371 2124 1581 2173 laridum
1621 2139 1844 2175 crassum

163 2199 439 2264 adpositum
479 2199 680 2248 adsidue
721 2205 771 2248 et
809 2204 986 2263 purgat
1023 2193 1338 2262 putredinem
1377 2197 1594 2246 vulneris
1624 2197 1755 2247 illius
1795 2205 1844 2247 et

165 2278 316 2321 sanat.
385 2274 455 2322 sic
497 2274 629 2322 enim
669 2280 718 2322 et
756 2272 814 2320 ad
855 2273 1090 2321 interiora
1129 2274 1318 2319 viscera
1363 2273 1545 2335 poterit
1591 2271 1843 2337 prodesse,

165 2347 293 2394 sicut
309 2348 538 2410 superius
559 2346 785 2395 diximus
826 2361 942 2394 ecce
965 2345 1105 2409 quale
1123 2344 1418 2393 heneficium
1434 2346 1485 2392 in
1501 2344 1655 2392 larido
1675 2344 1844 2410 crude,

169 2426 218 2467 et
257 2418 387 2482 quod
426 2419 606 2469 medici
636 2435 750 2468 cum
782 2418 1151 2467 medicamentis
1181 2417 1259 2465 vel
1289 2417 1573 2481 potionibus
1604 2424 1846 2482 temptant
1888 2428 1946 2468 30

170 2507 343 2540 sanare
376 2492 452 2540 vel
491 2492 768 2557 emplastris
801 2507 992 2557 curare,
1025 2491 1085 2539 de
1110 2491 1263 2539 larido
1291 2490 1444 2538 crudo
1468 2490 1645 2538 Franci
1670 2497 1856 2540 sanant.

82 2572 142 2616 15
287 2563 535 2613 Cervisa
574 2565 786 2614 bibendo
813 2573 862 2614 et
901 2564 1074 2613 medus
1091 2564 1167 2613 vel
1192 2564 1440 2612 aloxinum
1479 2578 1625 2627 quam
1649 2565 1856 2612 maxime

173 2637 401 2686 omnibus
441 2653 715 2702 congruum
755 2645 832 2687 est
871 2653 930 2686 ex
979 2644 1097 2686 toto.
1161 2638 1274 2701 quia
1322 2639 1511 2685 cervisa
1560 2652 1683 2699 quae
1729 2635 1854 2684 hene

172 2711 297 2758 facta
337 2712 487 2759 suerit
534 2713 775 2760 rationem
822 2711 968 2760 habet
1017 2718 1067 2759 et
1113 2710 1408 2759 beneficium
1455 2716 1673 2772 praestat
1727 2711 1856 2758 sicut

172 2785 329 2831 tisana
354 2798 501 2847 quam
534 2799 623 2832 nos
655 2784 860 2833 facimus
901 2784 993 2832 alio
1034 2798 1228 2847 genere.
1293 2782 1518 2831 similiter
1549 2790 1598 2831 et
1629 2782 1689 2831 de
1715 2782 1857 2830 medo
1889 2794 1945 2834 35

171 2855 295 2904 bene
336 2857 463 2905 facto
503 2863 559 2906 ut
598 2856 694 2906 mel
733 2857 858 2906 bene
901 2856 1091 2922 habeat,
1131 2855 1344 2904 multum
1384 2857 1531 2904 iuvat.
