2060 3294
126 279 330 324 mittere
367 277 483 332 (sale
522 275 737 319 mittatur
775 274 921 318 modi-

157 352 260 381 cum
302 340 343 380 et
382 337 482 380 sim.
523 339 575 377 ut
612 335 747 390 Apesse.
788 334 920 377 Azeae.

156 397 253 451 ete.)
284 408 427 450 saepe.

126 453 422 499 mittendum
463 467 607 496 unum
651 451 922 496 fasciculum

157 512 215 556 de
248 527 337 557 cor.
370 518 427 557 28
460 512 535 567 (cf.
569 511 825 555 cavendum
856 510 920 553 al-

157 572 349 615 bumina
379 572 468 627 36).

127 630 375 674 nloaelissum
425 630 515 685 (ein
560 629 726 684 weniy,
775 632 922 683 etwas,

158 689 302 745 puleii
320 688 566 740 modicum,
586 688 692 742 mel,
717 687 812 731 sale
829 701 923 730 mo-

157 747 313 791 dicum
329 752 405 791 ete.
438 746 671 790 modicum
703 746 873 790 sentiat
897 750 921 788 3

157 809 252 861 ete.)
283 820 426 861 saepe.

131 865 358 919 mulgere
392 864 480 908 GA
513 866 612 920 (ter)
647 869 715 908 76.

129 923 457 968 mussiriones
492 923 538 966 P
566 922 866 979 (musariones
895 935 925 978 9

160 1004 215 1019 =
224 983 330 1038 yall.
342 996 629 1026 mousserons
640 995 716 1025 av.
727 994 924 1036 mousse,

150 1055 281 1096 prov.
313 1055 480 1096 messa,
510 1055 644 1097 yerm.
677 1054 778 1084 mos
809 1040 925 1084 Diee

156 1100 237 1145 Et.
280 1100 351 1145 W.
384 1100 449 1143 ΙΙ2
480 1103 584 1156 371)
616 1104 686 1143 38.

129 1199 243 1232 nam
275 1189 350 1243 (=
374 1201 491 1243 vero,
523 1192 672 1232 autem
695 1201 735 1232 v.
754 1187 922 1231 Aneed.

159 1247 215 1302 II,
247 1251 304 1290 46
335 1260 398 1302 sq.
432 1250 550 1303 101.)
584 1252 622 1289 9.
658 1251 726 1289 14.
760 1251 826 1289 16.
854 1250 923 1288 35.

160 1310 229 1349 50.
262 1309 331 1348 58.
367 1310 437 1348 84.

130 1376 243 1407 nam
284 1375 385 1408 non
430 1365 504 1419 (=
543 1364 619 1415 sed
663 1377 779 1418 non,
832 1376 926 1410 'non

158 1423 277 1479 vero)
309 1423 407 1478 prs.
445 1428 511 1466 14.
548 1427 615 1466 17.
647 1426 718 1466 28.
753 1426 821 1465 75.
855 1427 923 1466 86.

129 1480 406 1536 naupridae
474 1481 601 1537 (GA,
663 1481 926 1536 naupredae

158 1539 296 1596 13912,
326 1539 566 1596 lamprede
593 1554 642 1595 p,
674 1539 879 1595 lampide
911 1541 926 1583 l

162 1625 215 1629 —
240 1612 281 1644 v.
312 1598 484 1642 A‘need.
519 1599 574 1655 II,
607 1603 794 1642 53—55.
822 1600 925 1654 101)

130 1728 218 1760 nez
251 1718 426 1760 ut·n0n
458 1751 467 1759 .
501 1751 512 1761 .
547 1752 556 1761 .
590 1718 638 1760 et
668 1730 725 1759 ne
760 1721 828 1761 10.

130 1774 364 1820 nimietas
382 1776 571 1830 passim.

130 1833 332 1878 novella
356 1834 449 1890 (Al,
481 1834 650 1878 novola
666 1834 722 1891 G,
753 1834 928 1890 napula

158 1906 201 1949 y,
239 1893 411 1948 nepula
445 1892 505 1949 P)
544 1895 703 1938 tenera
738 1907 827 1949 pro
858 1899 925 1938 eo·

161 1953 300 1996 eleari
331 1956 401 1994 34.

132 2039 402 2084 observare
434 2053 481 2084 se
505 2040 603 2096 prs.
624 2040 680 2094 ef.
698 2041 926 2084 rationem

163 2098 494 2142 observationis
519 2099 722 2154 qualiter
738 2099 828 2142 cibi
847 2104 922 2143 ete.

152 2158 252 2212 prs.
285 2158 411 2213 (etin
427 2159 494 2202 tit.
528 2158 584 2200 de
602 2158 923 2203 observatione

161 2215 400 2272 ciborum).

132 2286 257 2330 opus
299 2275 496 2331 (yerieht.
529 2275 585 2330 cf.
624 2289 739 2331 opus
781 2276 924 2332 pisto-

160 2334 280 2377 rium
310 2334 378 2377 vel
407 2337 460 2377 ut
475 2334 606 2378 Aleoe.
639 2339 681 2390 2,
701 2339 786 2379 184
811 2349 924 2391 opus

160 2391 450 2448 pistoricium
492 2393 548 2436 de
586 2393 710 2438 lacte
747 2393 925 2437 factum

160 2471 215 2486 =
245 2450 320 2494 Or.
338 2451 416 2505 VI,
440 2455 526 2495 348
558 2452 615 2496 de
646 2453 785 2497 melle
817 2467 923 2508 ope-

160 2523 212 2552 ra
241 2509 479 2566 lvistoricia
509 2512 591 2554 aut
631 2511 751 2556 laete
781 2511 923 2568 facta)

160 2571 231 2611 48.
278 2582 392 2624 opus
442 2583 683 2625 spumeum
733 2575 804 2614 34.
851 2575 922 2614 40.

161 2640 275 2682 opus
306 2627 476 2671 bonum
511 2627 694 2684 (tisana)
727 2634 796 2673 64.

132 2697 256 2740 opus
287 2685 462 2730 habent
490 2686 744 2731 medicinas
775 2687 876 2732 GA.

131 2743 271 2787 oriza
288 2745 465 2801 (oregia
480 2759 522 2801 9,
542 2745 668 2789 uriza
683 2746 746 2803 B)
765 2752 832 2791 70.
853 2752 922 2791 71.

131 2803 303 2846 ostrea
326 2803 489 2859 (ostria
510 2806 577 2848 vel
607 2804 784 2848 hostria
798 2807 922 2861 plur.

162 2861 364 2917 GAByz,
409 2862 547 2907 ostrie
584 2864 683 2917 fem.
723 2864 768 2906 P
802 2869 842 2908 et
872 2866 923 2908 in

933 144 1147 198 55-—

1039 275 1155 330 siny.
1178 274 1332 318 ostrea
1340 275 1398 331 p)
1416 278 1486 317 49.
1521 273 1662 317 ostrei
1686 273 1806 317 sfon-

1042 332 1176 376 dulus
1209 343 1281 389 (-—-
1299 334 1422 387 earo)
1447 346 1550 388 opp.
1583 332 1806 375 callosum

1043 393 1089 434 (t
1120 391 1245 446 quod
1275 390 1322 434 in
1355 390 1455 447 giro
1488 391 1659 446 pendet
1690 395 1760 436 49.

1013 462 1123 507 ova,
1156 463 1346 494 ovatum
1389 451 1445 505 (le
1475 452 1610 505 uova)
1642 462 1810 505 semper

1040 509 1133 563 fere
1164 508 1268 554 ΘΑ.

1013 567 1240 612 oximelli
1281 568 1367 611 abl.
1402 567 1443 611 G
1475 566 1709 623 (oximelle
1744 566 1807 622 A)

1014 685 1282 740 oxygala7
1259 689 1313 729 78
1347 711 1403 716 —
1434 685 1525 729 vicl.
1559 685 1718 729 melea.

1014 803 1245 860 panicum
1263 803 1387 859 (AB,
1405 802 1639 859 panicium
1659 802 1718 858 G)
1735 807 1805 846 71.

1014 862 1300 918 pastinacae
1313 863 1610 918 (pastanacae
1622 862 1728 917 GA)
1739 866 1808 906 53.

1014 933 1231 977 pavones
1264 923 1452 976 (paones
1482 921 1574 976 By)
1607 925 1677 963 24.

1014 992 1227 1036 pensare
1259 979 1463 1035 (pinsare
1495 979 1624 1035 624).
1667 993 1808 1034 quan-

1044 1042 1145 1083 tum
1176 1040 1341 1095 pensat
1371 1037 1594 1082 tremissis
1626 1043 1667 1081 3.

1014 1110 1107 1154 per
1138 1109 1225 1142 ore
1241 1097 1375 1141 GAB
1385 1097 1483 1153 prs.
1501 1098 1575 1152 (ef.
1594 1110 1679 1153 per
1692 1096 1809 1153 ipso,

1043 1170 1127 1213 per
1149 1156 1239 1200 isto
1272 1156 1374 1199 cibo
1395 1156 1483 1199 ΘΑ
1518 1161 1584 1200 14
1618 1169 1702 1212 per
1732 1168 1810 1199 ore

1043 1217 1228 1259 ructant
1273 1214 1402 1286 (hilm,
1428 1214 1507 1284 VI,
1549 1216 1668 1270 290).
1728 1228 1813 1270 per

1046 1274 1228 1330 singula
1245 1274 1343 1330 (ubi
1372 1269 1481 1329 nivei,
1513 1287 1615 1329 ana,
1647 1287 1771 1317 an=
1784 1287 1811 1316 a

1044 1333 1222 1388 medic-z)
1254 1338 1293 1377 3

1015 1404 1167 1448 perca
1206 1393 1279 1446 (=
1311 1395 1392 1435 vet.
1424 1404 1544 1447 yerm
1601 1405 1811 1448 agapuus

1044 1464 1125 1494 see.
1156 1451 1285 1507 yloss.
1320 1451 1379 1505 lc,
1411 1451 1468 1504 ef.
1487 1449 1630 1505 Graff
1646 1451 1680 1507 I,
1709 1453 1811 1506 105)

1045 1515 1114 1555 40.

1015 1569 1295 1626 perexeunt
1348 1568 1510 1623 (lactes
1562 1567 1702 1612 bibiti
1756 1589 1810 1605 =

1045 1629 1373 1683 pertranseunt
1391 1627 1515 1676 Orib.
1526 1626 1604 1683 VI,
1620 1631 1692 1672 28
1706 1630 1810 1683 349)

1016 1746 1130 1801 petr
1133 1757 1190 1789 ae
1230 1744 1479 1789 candentes
1518 1746 1586 1789 vel
1628 1745 1811 1790 cotulae

1046 1806 1119 1859 (=
1145 1800 1371 1861 κόχλακες
1402 1799 1625 1861 διάπυροι
1655 1804 1810 1849 Diose.

1046 1867 1087 1919 2,
1121 1867 1175 1907 75
1208 1867 1248 1907 et
1271 1863 1402 1908 Alex.
1433 1877 1500 1919 qr.
1526 1877 1576 1919 p.
1602 1867 1702 1908 425.
1724 1868 1808 1907 437

1047 1943 1101 1958 =
1119 1921 1299 1978 lapides
1332 1922 1546 1966 ardentes
1577 1923 1644 1966 vel
1673 1921 1814 1979 igniti

1046 1982 1124 2025 lat.
1158 1986 1199 2036 2,
1234 1986 1302 2025 79.
1339 1986 1408 2024 83.
1449 1981 1506 2036 ef.
1538 1986 1580 2035 3,
1614 1986 1682 2025 60.
1734 1981 1810 2024 Or.

1047 2039 1124 2094 VI,
1157 2045 1256 2084 472.
1296 2042 1455 2095 petrae
1486 2041 1700 2084 ardentes
1734 2039 1810 2085 Or.

1044 2098 1123 2154 VI,
1156 2104 1211 2142 33
1246 2119 1300 2135 =
1332 2112 1397 2155 φ’.
1442 2098 1635 2155 Synops.
1680 2104 1722 2154 4,
1754 2104 1811 2142 30

1043 2158 1097 2201 in
1126 2159 1274 2202 eodem
1316 2171 1404 2202 usu
1442 2158 1573 2202 laetis
1610 2158 1808 2214 dysente-

1043 2217 1154 2261 ricis
1183 2218 1281 2260 sine
1309 2230 1407 2260 sero
1437 2217 1602 2274 dandi)
1635 2221 1702 2261 75.

1014 2275 1195 2332 pietati
1225 2276 1407 2320 vestrae
1430 2276 1527 2331 prs.

1014 2334 1314 2390 pinguamen
1348 2339 1417 2378 14.

1014 2393 1168 2448 pinna
1198 2394 1268 2449 (ut
1302 2392 1426 2437 Orib.
1459 2397 1552 2447 ete„
1582 2407 1666 2438 ree.
1699 2407 1806 2450 pen-

1043 2465 1104 2495 na
1135 2453 1180 2508 lp
1212 2452 1270 2506 ef.
1301 2453 1398 2496 ind.
1421 2453 1531 2496 med.
1568 2452 1662 2508 Pl.)
1694 2458 1734 2497 4.
1769 2458 1809 2496 9.

1013 2510 1127 2566 pira
1158 2511 1284 2567 (Alp,
1315 2525 1435 2566 pera.
1457 2511 1643 2567 GByP)
1670 2515 1740 2555 84.

1012 2569 1319 2624 pisciuneuli
1352 2569 1440 2614 GR
1471 2574 1542 2613 44.

1013 2628 1259 2684 platensis
1298 2629 1373 2673 vel
1411 2629 1537 2673 solea
1577 2629 1808 2685 (platessa‚

1038 2688 1193 2743 plexa,
1224 2689 1319 2743 plie
1349 2714 1407 2719 —
1437 2688 1528 2732 vid.
1570 2687 1715 2731 Vinet.
1747 2690 1809 2732 ad

1042 2747 1217 2790 Auson.
1260 2761 1325 2802 ep.
1368 2751 1410 2801 4,
1450 2750 1506 2790 58
1549 2746 1718 2791 Anecd.
1751 2747 1808 2802 II,

1046 2807 1149 2862 101)
1181 2810 1251 2848 42.

1014 2864 1155 2920 plus:
1200 2863 1313 2919 quid
1342 2863 1446 2919 plus
1474 2864 1569 2919 prs.
1602 2873 1698 2909 ova·
1723 2898 1733 2909 .
1759 2897 1769 2908 .
1789 2896 1801 2906 .
