2060 3294
843 187 1197 238 -21.-

183 324 252 371 sic
307 322 514 371 devenit
595 321 819 370 similiter
859 327 909 383 et
959 328 1173 370 assatum
1227 321 1360 368 intus
1415 321 1693 384 ingressum
1741 315 1859 383 quid

182 401 345 460 potest
382 394 620 459 prodesse
660 395 754 443 nisi
792 378 979 458 Iapides
1015 409 1168 459 puros
1207 394 1512 457 ingenerare.

94 484 155 530 82
294 468 449 516 simila
481 483 596 516 vero
630 475 680 517 et
718 469 822 532 ipsa
862 469 1038 533 gravis,
1078 469 1223 516 etiam
1256 468 1400 515 saniS.
1439 480 1530 530 pro
1566 466 1859 514 necessitate

181 540 476 590 disenteriae
517 542 601 605 qui
641 542 929 605 sanguinem
974 540 1256 605 producunt
1295 538 1429 588 utilis
1474 539 1558 587 fiat
1602 541 1669 588 ita
1708 545 1764 588 ut
1809 541 1860 587 in

181 613 389 663 lactibus
415 615 629 679 caprinis
655 620 896 678 coquatur
935 615 985 662 in
1022 612 1332 662 carbonibus,
1373 611 1617 677 quomodo
1642 611 1861 661 butirum
1893 619 1920 660 5

182 689 252 736 sic
291 688 388 736 fiet.

94 771 156 816 83
296 760 362 808 De
400 775 707 824 pomorum
747 761 935 809 ratione
961 761 1140 808 citonia
1179 759 1321 825 hona,
1361 766 1410 807 et
1441 760 1623 823 optima
1655 760 1862 806 maxime

182 833 493 883 disentericis
534 835 618 897 qui
665 833 808 898 longo
856 836 1078 897 tempore
1119 834 1405 902 sanguinem
1455 832 1720 897 deponunt.
1796 833 1862 879 ita

182 908 336 955 incisa
374 908 425 955 in
459 922 606 955 cruce
640 906 884 956 elixentur
923 905 1048 955 bene
1088 908 1140 955 in
1171 921 1285 954 vaso
1326 905 1463 954 fictili
1501 907 1551 953 in
1584 920 1708 969 aqua
1738 919 1862 968 pura

185 980 330 1045 dulci,
371 988 419 1028 et
458 981 528 1028 sic
567 980 942 1028 manducentur.
990 986 1040 1028 et
1078 979 1234 1045 aliter,
1273 994 1378 1027 assa
1419 980 1461 1027 si
1500 978 1624 1026 bene
1666 977 1757 1026 sub
1797 979 1861 1026 ci·
1898 988 1952 1028 10

179 1068 299 1101 nere
340 1052 525 1102 diutius
564 1053 763 1102 fuerint.

94 1137 156 1182 84
294 1125 418 1175 mela
465 1125 590 1174 bene
637 1132 829 1175 matura
877 1127 929 1174 in
970 1125 1145 1174 arbore
1185 1141 1309 1190 quae
1361 1125 1521 1174 dulcia
1569 1131 1684 1173 sunt
1736 1123 1863 1172 bona

184 1206 313 1248 sunt.
361 1214 474 1247 nam
512 1199 592 1247 illa
632 1200 767 1248 acida
807 1214 906 1247 non
946 1206 1061 1248 sunt
1101 1214 1330 1263 congrua.
1383 1213 1493 1247 nam
1534 1198 1693 1246 dulcia
1733 1199 1864 1246 sanis

183 1279 233 1321 et
270 1272 492 1320 infirmis,
534 1278 582 1320 et
612 1274 719 1336 pira
751 1272 910 1320 dulcia
936 1279 984 1321 et
1015 1272 1141 1321 hene
1173 1267 1224 1320 in
1257 1272 1432 1320 arbore
1464 1278 1706 1320 maturata
1736 1271 1863 1319 bona

182 1352 311 1394 sunt.
373 1360 484 1393 nam
527 1345 648 1393 (lura
690 1352 739 1393 et
776 1345 913 1393 acida
952 1347 1164 1408 graviter
1204 1352 1397 1394 nocent.
1896 1354 1952 1395 15

94 1429 154 1475 85
291 1433 450 1482 pruna
475 1425 524 1467 et
561 1419 666 1482 ipsa
699 1425 938 1467 maturata
972 1418 1095 1467 bene
1123 1425 1171 1467 et
1202 1418 1378 1484 dulcia,
1417 1425 1466 1466 et
1496 1419 1688 1482 persica
1719 1417 1863 1466 dura-

181 1493 289 1539 cina
328 1492 527 1540 omnino
577 1492 628 1539 in
669 1491 843 1540 arbore
885 1499 1147 1557 maturata,
1197 1491 1273 1540 vel
1314 1493 1500 1540 cerasia
1540 1498 1623 1540 aut
1673 1491 1864 1540 diversa

181 1564 270 1612 alia
317 1579 497 1628 genera
542 1579 802 1629 pomorum
843 1566 884 1613 si
930 1567 980 1613 in
1021 1564 1196 1613 arbore
1236 1571 1477 1613 maturata
1524 1566 1710 1613 fuerint
1750 1579 1863 1613 con-

181 1653 302 1701 grua
350 1644 479 1686 sunt.
558 1639 598 1685 si
646 1644 809 1687 autem
850 1638 1052 1687 collecta
1101 1638 1251 1687 cruda
1292 1645 1341 1687 et
1387 1653 1477 1702 per
1523 1638 1628 1686 dies
1675 1637 1864 1702 aliquos

182 1710 529 1776 admollierint,
576 1710 695 1759 illud
736 1711 793 1759 ad
840 1711 1154 1775 putredinem
1195 1719 1559 1777 computamus,
1606 1726 1718 1759 nam
1764 1726 1862 1759 non
1896 1723 1952 1763 20

180 1784 239 1832 ad
280 1785 628 1849 maturitatem,
667 1785 780 1848 quia
820 1784 936 1832 dum
968 1784 1326 1833 manducantur
1363 1785 1590 1849 putridos
1629 1784 1863 1833 humores

179 1858 314 1905 intus
354 1863 605 1921 generant.

93 1941 155 1986 86
294 1945 429 1978 mora
462 1931 561 1978 sive
594 1929 861 1979 domestica
887 1932 986 1979 sive
1020 1930 1235 1979 silvatica
1267 1932 1475 1979 maxime
1501 1946 1717 1995 congrua
1749 1937 1866 1979 sunt

181 2004 311 2051 sanis
346 2010 394 2052 et
432 2003 654 2069 infirmiS,
693 2010 743 2052 et
780 2005 887 2067 ipsa
919 2005 1117 2052 omnino
1150 2011 1341 2054 matura
1378 2006 1430 2052 in
1462 2019 1549 2053 sua
1581 2003 1756 2053 arbore
1789 2003 1863 2051 vel

178 2077 229 2124 in
268 2075 408 2125 rubo,
1896 2089 1951 2130 25

91 2160 149 2205 87
290 2149 414 2197 ficus
453 2148 609 2198 bonae
651 2156 780 2215 sunt,
820 2150 906 2198 sed
947 2157 996 2199 et
1035 2152 1168 2215 ipsae
1210 2157 1429 2199 maturae
1470 2151 1683 2199 omnino.

91 2232 153 2278 88
292 2229 546 2271 castaneae
576 2222 728 2271 elixae
761 2222 887 2272 hene
921 2230 1060 2288 aptae
1093 2230 1209 2272 sunt
1239 2223 1315 2271 vel
1346 2238 1496 2272 assae.
1538 2238 1650 2271 nam
1682 2222 1862 2272 crudae

179 2310 278 2343 non
318 2294 444 2343 bene
484 2295 791 2359 digeruntur.

91 2379 152 2424 89
291 2367 531 2416 avellanae
586 2376 809 2436 gravant,
864 2371 905 2418 si
958 2371 1009 2418 in
1058 2370 1218 2434 aliqua
1266 2371 1572 2419 confectione
1614 2385 1726 2418 cum
1773 2369 1862 2417 alia

180 2442 343 2504 specie
384 2442 696 2490 misceantur.
1895 2458 1952 2497 30

91 2525 155 2570 90
290 2513 554 2578 amigdalae
594 2514 750 2563 honae
791 2522 920 2566 sunt.
996 2522 1252 2579 praeterea
1292 2518 1334 2565 si
1373 2519 1638 2565 amariores
1678 2517 1863 2564 fuerint

179 2588 380 2650 epaticis
420 2602 663 2651 congruae
705 2595 836 2653 sunt,
875 2588 959 2637 sed
1000 2590 1049 2636 in
1090 2589 1251 2653 tepida
1291 2591 1482 2638 missae.
1551 2596 1720 2638 cortex
1757 2590 1862 2653 ipsa

176 2666 418 2722 purgetur
450 2667 500 2708 et
539 2661 609 2708 sic
649 2661 1021 2710 manducentur.
1061 2663 1180 2711 item
1213 2670 1262 2711 et
1298 2663 1557 2711 tribulatae
1596 2661 1722 2710 bene
1756 2664 1860 2710 sine

179 2739 291 2780 cute
330 2733 381 2780 in
420 2732 563 2781 melle
604 2736 788 2797 optimo
827 2734 1052 2798 pthisicis
1092 2751 1337 2800 congruae
1380 2742 1517 2800 sunt,
1568 2735 1642 2783 vel
1692 2737 1745 2783 in
1785 2750 1860 2783 ca-

179 2811 312 2853 tarro
354 2805 548 2868 quando
587 2807 761 2870 incipit
798 2813 1060 2856 maturare.
1893 2822 1950 2862 35

88 2898 147 2942 91
286 2879 489 2942 pistacia
530 2893 645 2926 vero
687 2886 734 2927 et
773 2881 877 2943 ipsa
916 2879 1043 2928 bona
1084 2887 1132 2929 et
1171 2887 1279 2944 apta
1321 2888 1449 2930 sunt.
