2060 3294
877 204 1236 256 „16-

215 343 502 402 nascuntur,
540 336 770 385 meliores
811 343 927 385 sunt
967 351 1114 400 quam
1152 336 1262 385 illae
1297 351 1420 400 quae
1460 338 1519 385 111
1549 330 1735 386 limosis
1774 337 1918 387 locis'

215 410 292 459 vel
327 410 502 459 lutosis
541 415 828 458 nascuntur.
898 424 1034 458 assae
1088 411 1156 458 ita
1202 416 1258 459 ut
1297 409 1600 474 capellentur
1637 418 1803 475 partes
1844 418 1894 460 et

215 485 286 531 sic
325 484 375 531 in
415 482 556 531 brido
597 488 825 532 assentur
863 484 1079 547 aptiores
1131 489 1248 532 sunt
1294 498 1439 547 quam
1492 483 1670 547 elixae,
1719 486 1786 533 ita
1839 492 1895 534 ut

211 557 264 604 in
303 555 553 605 salimuria
590 562 854 620 tangantur
892 556 1008 604 dum
1049 563 1290 617 assantur,
1329 562 1385 604 ut
1423 557 1576 620 magis
1617 556 1787 605 durior
1810 558 1893 606 fiat

153 638 180 679 5
213 643 327 678 caro
365 631 484 693 ipsa.
578 626 583 632 ’

314 704 540 751 trucanti
578 701 647 751 illi
690 703 867 750 minuti
906 701 1201 766 pisciunculi
1240 704 1338 751 assi
1382 702 1458 751 vel
1505 702 1617 751 frixi
1652 700 1751 768 apti
1778 709 1893 752 sunt
1917 703 1980 748 44

212 791 302 840 pro
342 775 551 824 fastidio.

321 856 523 897 tecones
562 848 796 897 dicuntur
843 863 952 897 esse
1003 847 1089 896 filii
1135 863 1362 914 esocum,
1415 855 1578 898 tamen
1631 850 1725 914 ipsi
1773 848 1891 898 honi
1917 850 1979 896 45

211 929 328 970 sunt
366 929 415 970 et
454 923 584 970 sanis
617 929 666 970 et
703 922 912 970 infirmis
952 921 1065 969 elixi
1103 922 1155 970 in
1195 921 1294 970 sale
1335 928 1384 970 et
1422 921 1544 971 oleo.

52 1009 55 1011 ’
127 1006 181 1046 10
324 994 383 1043 de
422 994 572 1059 pisce⁴
598 996 810 1043 cracatio
851 1010 964 1043 caro
1004 995 1178 1043 sortior
1217 1000 1307 1044 est.
1369 997 1475 1044 sani
1516 995 1739 1044 homines
1777 1010 1888 1060 pos·
1917 996 1980 1041 46

212 1075 328 1117 sunt
366 1067 677 1116 manducare.
1032 1118 1039 1126 ,

319 1141 584 1205 naupridas
624 1155 745 1189 uero
785 1156 877 1190 nec
918 1142 1171 1189 nominare
1221 1156 1313 1189 nec
1364 1143 1496 1189 sanis
1545 1156 1637 1190 nec
1681 1142 1889 1190 infirmis
1916 1134 1976 1179 47

212 1213 519 1279 110111111111115,
564 1215 677 1278 quia
716 1214 890 1263 malam
930 1228 1129 1262 carnem
1168 1213 1351 1263 habent
1388 1221 1438 1263 et
1475 1214 1889 1279 melancholicam,

211 1289 277 1335 ita
325 1294 374 1335 et
422 1302 594 1351 graves
642 1293 691 1336 et
746 1287 899 1336 malos
955 1286 1191 1335 humores
1242 1293 1292 1335 et
1352 1289 1639 1351 sanguinem
1693 1290 1889 1350 nigrum

63 1353 69 1358 ’
121 1370 176 1411 15
210 1362 438 1409 nutriunt
477 1367 526 1408 et
567 1375 738 1409 causas
778 1360 926 1409 malas
966 1366 1217 1424 generant.
1281 1375 1423 1409 omne
1463 1376 1579 1408 vero
1623 1370 1776 1425 genus
1815 1363 1886 1425 pi-

209 1435 366 1482 scium
407 1434 693 1483 comedatur
731 1449 921 1482 recens.
991 1447 1103 1481 nam
1144 1434 1186 1481 si
1219 1433 1454 1499 oluerint‚
1509 1435 1626 1482 satis
1677 1436 1888 1497 graviter

206 1514 414 1571 possunt
453 1522 647 1555 nocere.
804 1502 807 1504 ’

318 1579 535 1628 Ρ33111115
575 1581 757 1644 optima
797 1594 910 1628 caro
951 1579 1063 1627 elixi
1103 1579 1217 1628 facti
1258 1586 1306 1628 et
1345 1581 1493 1628 assati
1530 1581 1581 1627 in
1621 1586 1746 1628 testa
1785 1594 1888 1644 sua,
1915 1582 1976 1626 48

207 1659 257 1701 et
297 1667 447 1717 opera
486 1652 600 1701 inde
639 1654 771 1701 fient.
835 1659 884 1701 et
923 1655 1130 1716 congrui
1170 1660 1286 1702 sunt
1326 1659 1375 1701 et
1414 1654 1546 1700 sanis
1585 1659 1635 1701 et
1665 1653 1887 1718 infirmis,
1986 1663 1988 1665 ’

116 1737 173 1777 20
207 1726 292 1774 sed
331 1732 495 1774 tamen
535 1735 586 1774 et
623 1727 718 1790 ipsi
756 1727 799 1773 si
838 1732 1066 1774 recentes
1106 1727 1303 1775 fuerint.

316 1806 479 1848 ostrea
517 1814 633 1847 vero
685 1813 889 1847 necesse
928 1797 1138 1847 habetur
1176 1814 1266 1863 pro
1307 1799 1550 1847 desiderio
1597 1799 1884 1863 permittere
1912 1803 1975 1848 49

204 1872 455 1921 interdum
497 1874 610 1935 quia
648 1872 826 1935 frigida
866 1878 982 1919 sunt
1022 1878 1070 1919 et
1109 1872 1397 1936 flegmatica.
1453 1878 1621 1933 tamen
1656 1873 1698 1919 si
1729 1877 1885 1920 assata

206 1946 391 1994 fuerint
430 1945 674 2009 quomodo
715 1951 831 1993 511111
870 1944 1033 1993 clausa
1082 1946 1132 1993 in
1179 1951 1304 1994 testa
1351 1961 1463 2010 5113,
1519 1947 1706 2009 aptiora
1755 1950 1885 1992 511111.

206 2019 357 2067 cruda
395 2034 512 2067 vero
553 2021 638 2082 qui
677 2017 915 2083 comedet,
947 2017 1022 2066 vel
1061 2017 1357 2081 spondulum
1397 2033 1577 2083 purum
1610 2017 1885 2082 manducet,

115 2102 171 2141 25
210 2090 339 2154 quod
395 2099 470 2140 est
520 2091 754 2139 callosum
802 2097 852 2138 et
900 2090 983 2138 illo
1031 2091 1162 2154 quod
1200 2093 1252 2139 in
1291 2106 1409 2155 gyro
1456 2091 1638 2155 pendet
1677 2089 1883 2139 sublato,

204 2170 365 2212 ostrea
405 2179 521 2212 vero
562 2166 603 2212 si
643 2164 777 2212 olent
828 2170 877 2212 et
924 2165 1033 2227 quis
1074 2163 1462 2229 manducaverit,
1502 2163 1654 2212 altero
1693 2178 1882 2211 veneno

201 2252 325 2301 opus
366 2252 463 2285 non
501 2236 662 2286 habet.

312 2310 381 2358 De
408 2309 683 2359 oleribus
722 2309 876 2358 malva
914 2309 1026 2358 beta
1063 2325 1244 2374 porrus
1276 2325 1492 2373 congrua
1530 2316 1646 2358 sunt
1685 2323 1880 2372 semper
1909 2315 1971 2360 50

204 2385 474 2431 etraestivo
517 2390 566 2431 et
602 2382 826 2449 hiberno,
867 2382 1030 2431 caules
1071 2398 1186 2431 vero
1234 2383 1409 2431 hiemis
1456 2390 1691 2446 tempore.
1769 2396 1880 2429 nam

113 2468 169 2507 30
202 2457 398 2504 aestivis
437 2455 610 2504 diebus
651 2455 987 2504 melancholici
1028 2462 1157 2504 sunt.
1747 2470 1750 2476 ·

312 2528 529 2577 lactucae
570 2544 667 2577 uno
705 2544 840 2577 more
881 2535 1019 2593 sunt,
1068 2535 1324 2592 praeterea
1371 2531 1412 2576 si
1459 2528 1517 2576 ad
1568 2528 1738 2576 horam
1778 2527 1872 2576 col·
1907 2535 1965 2579 51

201 2601 355 2650 lectae
395 2602 768 2650 manducantur.
847 2603 888 2648 si
928 2609 1090 2649 autem
1138 2602 1323 2650 fuerint
1369 2601 1517 2650 biduo
1569 2609 1653 2649 aut
1697 2601 1878 2664 triduo,

203 2676 244 2722 si
283 2675 426 2740 forte,
449 2673 840 2738 pro‘desiderio
881 2675 1199 2738 accipiantur;
1540 2712 1548 2716 .

311 2747 483 2796 111111113
521 2762 637 2795 vero
677 2747 804 2795 bona
845 2753 959 2795 sunt
1006 2754 1054 2795 et
1094 2746 1245 2795 cruda
1293 2753 1342 2795 et
1392 2747 1515 2811 elixa
1567 2753 1615 2796 31
1652 2748 1783 2795 531115
1830 2753 1878 2794 31

112 2832 167 2870 35
201 2820 423 2885 1116111115,
463 2820 614 2868 cruda
652 2835 767 2868 vero
817 2834 912 2868 una
952 2819 1029 2868 die
1077 2822 1388 2869 exsiccentur
1428 2821 1487 2868 ad
1527 2819 1679 2885 solem
1720 2825 1768 2867 et
1807 2820 1876 2866 sic

203 2892 572 2942 manducentur.
