2060 3294
798 145 1154 198 „49-

569 277 734 320 anetae
785 276 828 320 G
874 277 931 331 cf.
1021 275 1179 320 bracle
1213 274 1337 333 (AG,
1829 287 1832 290 ⁴
1868 323 1871 325 ,
2004 298 2027 331 :3
2057 307 2060 318 .

1051 339 1266 379 assatura
1304 333 1448 389 Graff
1470 334 1548 390 III,
1580 338 1665 378 283
1708 333 1824 378 Diez
1939 357 1950 396 j

137 278 310 322 anates
364 278 514 333 (yerm.

167 337 356 381 Hermes
385 334 507 390 VIII,
540 338 615 392 43)
647 340 717 380 32

137 396 336 439 anetum
383 393 589 450 (Hermes
626 393 749 450 VIII,
789 399 845 438 37
892 398 960 437 et

165 455 261 498 ind.
299 453 375 496 Pl.
403 452 563 509 Gary.)
596 457 666 499 55.

3 494 43 573 ζ-
137 512 365 567 angimus
390 513 492 568 (nos
523 510 703 556 deliciis
730 512 812 556 ubi
834 511 930 567 agi-

166 586 268 615 mus
299 572 444 627 codd.)
469 571 566 626 prs.
605 599 610 604 -

139 629 353 674 animale
385 631 506 685 (abb,
538 629 596 684 cf.
650 629 779 673 Neue
809 628 931 672 For-

165 690 295 733 menl.
343 689 377 744 Ι,
425 693 509 733 237
558 692 598 732 et
643 688 827 732 recente
876 692 930 731 77

167 751 264 803 etc.)
297 753 367 792 16.

137 806 365 851 anxietas
383 805 534 849 cordis
560 804 782 862 (corporis
805 805 930 849 codd.

166 866 223 921 cf.
262 878 297 909 s.
338 864 501 908 acedia
541 869 582 908 et
615 865 733 909 Cael.
773 863 930 908 Λατοῖ.

165 938 280 980 resp.
323 925 434 968 med.
477 939 520 979 p.
557 927 641 967 188
695 924 803 979 post
855 936 931 966 ve-

167 982 420 1026 ctationem
467 982 543 1026 vel
583 982 820 1027 lavacrum
862 981 931 1024 bi-

166 1042 367 1085 bendum
407 1043 478 1085 est
518 1042 572 1083 ut
603 1040 819 1097 corporis
850 1054 932 1083 an-

165 1100 311 1144 xietas
328 1100 611 1144 excludatur.
628 1099 749 1144 Cael
771 1099 930 1143 Λατοῖ.

165 1160 254 1204 chr.
289 1165 330 1214 3,
355 1165 396 1215 2,
415 1164 470 1203 15
500 1160 554 1202 in
582 1158 799 1203 stomachi
821 1170 931 1213 pas-

164 1219 290 1262 sione
319 1194 537 1261 anitietas
580 1216 678 1261 sive
721 1217 929 1260 concate-

163 1276 292 1320 natio
344 1275 514 1320 mentis
568 1277 615 1318 et
668 1274 930 1331 desponsio)

161 1336 257 1391 prf-

136 1393 304 1451 apium
336 1393 545 1450 (appium
575 1392 652 1449 Ay
681 1396 733 1436 ut
767 1392 863 1448 Or.)
888 1397 929 1435 3.

136 1523 358 1568 aprunus
390 1512 490 1567 (rec.
524 1510 731 1567 aprinus)
763 1515 803 1555 8.

135 1571 290 1615 arbor
321 1572 472 1627 (masc.
506 1570 612 1626 GA)
645 1575 715 1614 86.

135 1629 352 1674 ascellae
391 1629 657 1685 (pullorwm,
700 1628 835 1684 fha‘yel
874 1648 929 1663 =

165 1689 335 1732 ascillae
339 1689 734 1743 ,scapulaasaepe
743 1687 928 1743 ἅτερον.

169 1747 302 1803 Tuon,
358 1746 502 1791 Gloss.
554 1747 632 1790 lat.
676 1759 750 1802 ap.
794 1744 937 1800 Graff

164 1807 200 1861 Ι,
233 1809 336 1862 140)
370 1811 440 1849 23.

125 1840 305 1909 &ssarc
339 1866 536 1922 (assatus
569 1885 623 1900 =
655 1865 804 1920 assus)
835 1868 876 1907 4.
896 1868 928 1907 -9

164 1929 243 1968 etc.

134 1983 365 2027 assatura
396 1983 567 2039 (Apio.)
599 1986 639 2027 4.
673 1988 714 2025 6.
747 1986 787 2024 8.

134 2042 444 2086 aucellarum
475 2055 647 2098 genera
678 2046 749 2084 31.

134 2102 365 2145 auctores
397 2106 467 2144 23.
501 2106 571 2144 26.
604 2102 815 2143 auctores
847 2113 925 2142 no-

162 2159 246 2203 stri
276 2165 347 2204 25.
388 2162 598 2203 auctores
628 2157 926 2202 medicinales

156 2219 251 2274 prf.
283 2219 342 2273 cf.
374 2218 554 2273 antiqui
583 2219 674 2273 prs.
720 2218 837 2273 (bis).

132 2277 239 2322 avis
270 2277 417 2321 tarda
459 2277 698 2334 (avetarda
728 2277 838 2319 ABl
871 2297 926 2311 =

163 2336 375 2392 outarde)
405 2341 474 2381 33.

134 2467 344 2512 bibendo
378 2469 426 2524 (i.
458 2468 501 2511 si
523 2468 668 2523 bibas)
703 2502 712 2511 .
741 2503 749 2512 .
778 2502 787 2511 .
820 2480 926 2511 con-

161 2542 326 2583 gruum
359 2528 431 2571 est
464 2531 531 2570 15.
563 2527 619 2581 cf.
651 2525 925 2582 intingendo

162 2587 210 2641 (i.
241 2587 310 2630 ita
339 2591 392 2629 ut
421 2586 798 2642 intinyantur)..
819 2599 927 2629 ‚co-

160 2646 361 2700 quantui
393 2649 461 2688 10.

130 2702 280 2747 boliti
305 2706 353 2760 (p
357 2703 461 2747 oliti
475 2716 516 2759 9,
546 2702 691 2746 boleti
710 2703 827 2757 Pcf.
848 2702 925 2746 Or.

160 2762 238 2817 VI,
255 2767 305 2806 17
329 2784 383 2798 =
402 2763 561 2806 tubera
577 2761 719 2815 Graff
743 2762 819 2815 ΙΙΙ,
841 2767 924 2805 103

158 2834 291 2877 yerm.
320 2821 446 2876 puliz
469 2819 689 2874 velbuliz,
721 2821 818 2864 ital.
846 2821 925 2864 bo-

161 2879 272 2933 leto,
305 2881 515 2937 βωλίτης)
548 2884 616 2922 38.

218 2961 332 3001 Rosa,
357 2961 575 2992 Anthimus.

1367 275 1514 332 prado
1545 287 1821 332 θρωπε.-

1053 394 1134 438 Gr.
1167 394 1200 449 Ι,
1233 398 1316 437 321
1350 393 1407 448 cf.
1445 393 1538 443 Du
1569 393 1642 446 0.,
1673 393 1822 436 Eleko-

1052 453 1182 497 hard.
1216 452 1366 497 bened.
1411 452 1472 496 ad
1501 466 1558 496 m.
1594 457 1677 496 109
1717 466 1821 508 pra-

1053 511 1220 555 donem
1265 512 1485 566 coctum):
1533 509 1573 554 si
1617 511 1823 554 assatum

1051 570 1192 614 fuerit
1249 570 1484 626 (laridum)
1536 569 1597 613 ad
1657 570 1823 613 horam

1054 628 1286 685 quomodo
1318 628 1547 672 bradones
1582 632 1650 671 14.

1023 688 1270 745 bridusm)
1304 688 1426 742 (fort.
1451 700 1660 744 =germ.
1692 687 1821 742 brod,

1051 748 1171 791 unde
1199 746 1416 800 hrodum,
1449 745 1677 801 brodium,
1702 746 1821 801 jus):

1052 805 1286 861 anguillae
1324 839 1335 848 .
1353 840 1362 848 .
1382 841 1391 849 .
1418 805 1710 861 capellentur
1734 840 1744 848 .
1773 837 1782 846 .
1809 838 1818 846 .

1052 866 1100 908 et
1138 863 1203 907 sic
1246 864 1296 907 in
1332 863 1467 907 brido
1508 863 1637 919 (ΘΑ,
1677 863 1821 906 bredo

1051 924 1109 977 B,
1141 923 1275 966 breto
1306 923 1352 978 9)
1386 924 1596 966 assentur
1627 927 1697 965 43.

1022 981 1292 1026 bubulinae
1331 995 1491 1024 carnes
1533 986 1585 1024 12
1634 980 1821 1036 (bovina

1052 1054 1158 1084 caro
1191 1045 1232 1084 et
1260 1039 1487 1083 bubulina
1516 1041 1569 1083 in
1597 1040 1691 1083 eod.
1724 1040 1818 1083 loco

1050 1100 1184 1143 Aleae.
1216 1100 1296 1143 lat.
1328 1104 1369 1155 2,
1401 1102 1502 1143 241.
1540 1099 1599 1154 cf.
1630 1098 1726 1142 ind.
1758 1097 1822 1142 ad

1053 1159 1179 1202 Plin.
1211 1158 1354 1213 med).

1021 1217 1248 1261 bucellae
1275 1217 1348 1273 (de
1373 1230 1507 1273 pane,
1539 1219 1591 1259 ut
1615 1215 1747 1260 Aleoe.
1774 1221 1816 1271 2,

1055 1281 1137 1319 100
1178 1298 1233 1312 =
1279 1275 1429 1319 micae
1474 1274 1609 1331 panis
1649 1280 1700 1331 2,
1748 1280 1818 1318 83.

1050 1335 1204 1391 Apic.)
1237 1338 1307 1380 75.

1021 1393 1204 1438 bucula
1246 1393 1377 1450 (ΘΑ,
1407 1392 1697 1437 bucularium
1729 1392 1820 1448 yP,

1049 1454 1150 1497 vasi
1193 1452 1396 1509 species):
1444 1451 1591 1495 mittis
1635 1453 1819 1495 acetum

992 1539 998 1545 ·
1049 1511 1326 1556 acerrimum
1380 1512 1606 1566 quantum
1666 1510 1820 1554 media

1048 1571 1221 1614 bucula
1252 1576 1291 1614 3.

1019 1629 1260 1673 buculare
1294 1628 1415 1685 (GA‚
1440 1629 1497 1682 cf.
1514 1628 1666 1672 Marc.
1681 1628 1818 1683 Emp.

1050 1703 1124 1744 ap.
1168 1689 1251 1732 Du
1284 1688 1332 1732 G.
1364 1701 1398 1732 s.
1431 1688 1599 1742 banca,
1629 1687 1818 1730 bucula·

1048 1747 1168 1790 rium
1198 1746 1290 1804 912,
1335 1760 1394 1791 sc.
1435 1760 1590 1789 ereum
1636 1758 1718 1789 sec.
1757 1747 1816 1801 yl.

1049 1808 1142 1850 cod.
1185 1807 1239 1862 l):
1288 1807 1336 1851 et
1379 1805 1428 1848 in
1474 1804 1685 1848 buculari
1725 1818 1819 1848 non

1049 1867 1274 1920 coquatur
1342 1864 1423 1908 sed
1496 1864 1545 1907 in
1600 1863 1695 1907 olla
1765 1864 1813 1906 fi-

1050 1924 1152 1967 ctili
1184 1930 1224 1968 3.

1018 1983 1243 2027 butirum
1288 1983 1522 2038 (buterum
1564 1983 1635 2025 vel
1680 1982 1816 2025 buter

1048 2042 1151 2099 GA,
1182 2041 1342 2085 buturi
1373 2041 1465 2085 Ed.
1498 2041 1580 2097 D.)
1613 2045 1680 2085 77.
1715 2045 1784 2084 82.

1018 2173 1204 2218 caballi
1231 2174 1326 2230 prs.

1018 2233 1322 2277 caballicare
1384 2232 1481 2287 prs.
1510 2239 1516 2243 ’
1551 2230 1814 2287 (caballica—

1046 2292 1197 2335 tiones
1228 2292 1360 2335 Alex.
1396 2297 1435 2346 1,
1470 2295 1589 2338 123).

1018 2351 1271 2407 capellare
1303 2350 1425 2406 (ΘΑ,
1468 2349 1683 2405 capulare
1722 2350 1818 2406 91³2

1049 2431 1103 2446 =
1122 2410 1316 2459 caedere)
1335 2413 1407 2453 43.
1438 2408 1651 2451 bucellae
1677 2422 1814 2463 capu-

1048 2469 1170 2512 latae
1210 2468 1488 2524 (capellatae
1521 2467 1586 2521 G,
1626 2480 1720 2510 non
1751 2468 1814 2520 A)

1047 2532 1117 2571 75

1018 2585 1245 2642 capreoli
1276 2583 1500 2650 (caprioli
1522 2584 1626 2639 GA)
1661 2588 1700 2627 7.

1017 2645 1275 2700 capriare.
1309 2642 1503 2700 cap1iati
1534 2641 1670 2698 (pulli
1693 2655 1729 2685 c.
1754 2643 1812 2698 ql.

1045 2706 1177 2747 tene1
1180 2703 1246 2747 at1
1307 2704 1339 2758 l)
1401 2707 1479 2756 23,
1553 2700 1815 2767 caprientur

1045 2763 1161 2806 bene
1187 2763 1407 2817 (pavones
1423 2773 1480 2804 sc.
1502 2758 1722 2815 seniores)
1741 2764 1811 2802 24.

1016 2832 1268 2877 capi-unus
1281 2820 1371 2874 (lac
1386 2833 1653 2874 caprunum,
1667 2818 1812 2861 lactes

1046 2879 1254 2935 capruni)
1295 2878 1382 2921 GA
1423 2882 1492 2921 70.
1536 2882 1603 2920 71.
1639 2882 1707 2920 75.
1742 2882 1811 2920 76.

1431 2956 1459 2994 4
